1527 2707
180 140 183 143 ,
219 99 252 139 L
279 101 299 139 1
331 98 366 138 Β
398 98 436 138 Ε
463 99 504 138 R
559 97 596 137 1.
678 97 790 136 min
819 93 975 136 XXIV.
1011 93 1137 132 XXV.
1281 105 1334 142 27

320 171 371 208 U.
396 169 439 207 o,
468 172 534 213 85.
734 180 770 203 a.
793 165 835 204 c.
859 164 913 207 N.
939 165 1034 214 667.

10 251 116 289 item
145 250 336 288 carmina
364 246 526 286 Albani
555 245 756 298 suumque
786 243 1080 298 jusjurandum
1113 260 1191 300 per
1220 244 1337 284 suum

11 304 258 346 dictatorem
289 304 460 358 suosque
489 301 722 342 sacerdotes
751 312 1023 358 peregerunt.

98 422 251 463 ‘XXV.
313 418 498 460 Foedere
530 420 635 468 icto,
673 417 911 471 trigemini,
942 415 1042 455 ficut
1064 428 1338 468 convenerat,

15 492 137 519 arma
158 479 343 533 capiunt.
405 479 508 516 Cum
539 475 600 514 sui
628 486 824 528 utrosque
845 474 1196 525 adhortarentur,
1232 473 1339 514 Deci

16 540 190 590 patrios,
224 538 389 588 patriam
407 548 448 574 ac
468 545 675 586 parentes,
712 530 902 587 quidquid
921 533 1058 571 civium
1078 532 1199 580 clami,
1225 531 1339 586 quid-

13 593 117 648 quid
143 596 184 645 in
216 595 392 632 exercitu
419 589 497 638 fit,
533 589 690 635 illorum
719 601 811 630 tunc
839 602 964 638 arma,
1010 589 1165 629 illorum
1190 591 1343 629 intueri

19 663 173 699 manzgs:
225 649 388 689 feroces
419 659 460 687 et
487 646 630 702 suopte
659 647 856 700 ingenio,
898 657 938 686 et
967 648 1087 701 pleni
1115 646 1353 686 adhortan:

22 706 126 747 tium
157 709 349 756 vocibus,
381 707 431 746 in
461 705 650 744 medium
679 705 794 743 inter
822 703 922 758 duas
955 706 1062 745 acies
1091 703 1341 759 procedunt.

24 764 314 804 Consederant
350 764 546 816 utrinque
575 776 653 817 pro
682 761 823 801 castris
851 761 934 800 duo
968 765 1194 811 exereitus,
1235 762 1345 817 peri·

0 823 108 862 *culi
134 824 267 876 magis*
291 820 544 875 praesentis,
583 834 709 873 quam
738 833 887 869 curae,
923 832 1127 874 expertes.
1188 821 1344 874 quippe

22 879 246 933 imperium
270 881 488 932 agebatur,
524 879 573 917 in
595 888 679 916 tam
700 891 928 931 paucorum
947 879 1099 918 virtute
1119 890 1239 932 atque
1261 876 1345 917 for-

0 942 6 945 “
25 940 128 976 tuna
148 935 334 991 positum.
367 936 508 989 itaque
531 949 628 989 ergo
651 935 779 974 erecti
805 934 1068 989 suspensique
1097 937 1146 975 in
1166 936 1344 975 minime

25 1005 189 1048 gratum
208 994 488 1048 spectaculum
509 994 650 1031 animo
669 992 968 1034 intenduntur.
1014 993 1152 1037 Datur
1171 993 1345 1047 lignum.

24 1050 271 1105 infestisque
302 1052 454 1100 armis,
494 1051 606 1089 velut
635 1050 762 1099 acies,
804 1051 917 1089 terni
943 1051 1140 1104 juvenes,
1177 1064 1345 1104 magno-

25 1122 125 1148 rum
148 1110 407 1148 exercituum
429 1109 591 1147 animos
610 1118 817 1161 gerentes,
849 1119 1130 1164 concurrunt:
1163 1122 1247 1147 nec
1268 1109 1346 1158 his,

28 1179 114 1207 nee
148 1167 230 1206 illis
263 1167 495 1219 periculum
530 1164 673 1212 suum;
714 1165 927 1218 publicum
964 1166 1188 1219 imperium
1225 1165 1348 1205 servi·

30 1223 217 1277 tiumque
238 1223 478 1262 observatur
500 1222 664 1270 animo,
694 1220 915 1275 futuraque
943 1236 991 1261 ea
1011 1216 1173 1262 deinde?
1190 1223 1347 1277 patriae

30 1279 223 1329 fortuna,
264 1294 386 1334 quam
405 1279 479 1333 ipsi
501 1278 704 1318 fecissent.
753 1281 811 1318 Ut
830 1280 969 1333 primo
988 1279 1123 1320 statim
1144 1280 1351 1320 concursu

28 1339 284 1392 >increpuere
304 1352 432 1386 arma,
464 1338 751 1390 micantesque
773 1336 926 1376 fulsere
946 1338 1086 1392 gladii,
1114 1339 1266 1377 horror
1286 1339 1350 1376 in·

29 1409 134 1451 gens
162 1395 394 1449 spectantes
424 1394 689 1448 perstringit:
733 1406 793 1444 et,
829 1406 983 1434 neutro
1024 1397 1231 1436 inclinata
1264 1395 1349 1450 spe,

31 1454 224 1507 torpebat
261 1467 341 1492 vox
381 1451 637 1506 spiritusque.
698 1451 907 1492 Consertis
949 1451 1107 1493 deinde
1141 1454 1349 1503 manibus,

30 1524 129 1562 eum
155 1511 240 1564 jam
270 1524 364 1549 non
393 1522 529 1549 motus
549 1520 713 1548 tanturn
736 1525 984 1564 corporum,
1012 1513 1262 1565 agitatioque
1279 1524 1351 1550 an-

33 1582 132 1622 ceps
153 1569 333 1606 telorum
355 1581 672 1620 armorumque,
705 1566 777 1606 sed
806 1569 983 1608 vulnera
1007 1583 1170 1622 quoque
1194 1580 1234 1608 et
1261 1568 1352 1607 san-

33 1627 122 1679 guis
142 1625 370 1679 spectaculo
393 1624 552 1675 essent;
582 1624 663 1663 duo
683 1626 892 1675 Romani,
925 1624 1048 1680 super
1077 1628 1204 1665 alium
1234 1627 1351 1675 alius,

34 1683 265 1724 ‘vulneratis
293 1683 425 1722 tribus
453 1682 650 1732 Albanis,
687 1682 946 1736 exspirantes
975 1694 1239 1722 corruerunt.
1300 1683 1354 1723 ad

35 1753 212 1794 quorum
232 1739 369 1779 casum
391 1754 518 1793 quum
539 1740 836 1779 conclamasset
859 1739 1009 1794 gaudio
1025 1740 1218 1781 Albanus
1238 1755 1355 1780 exer-

36 1799 164 1847 citus,
194 1798 408 1837 Romanas
430 1798 615 1853 legiones
636 1798 717 1851 jam
738 1797 828 1851 spes
850 1809 955 1846 tota,
984 1798 1182 1837 nondum
1211 1809 1358 1838 tamen

38 1869 159 1905 cura,
187 1854 445 1904 deseruerat,
477 1857 692 1895 exanimes
719 1857 808 1895 vice
836 1857 982 1905 unius,
1014 1871 1138 1909 quem
1167 1868 1250 1896 tres
1281 1857 1357 1896 Cu-

37 1913 150 1952 riatii
173 1912 548 1952 circumsteterant.
587 1913 707 1952 Forte
727 1914 759 1952 is
779 1914 942 1967 integer
965 1911 1065 1962 fuit,
1090 1925 1135 1953 ut
1155 1912 1358 1954 universis

0 1989 6 1995 ’
41 1968 148 2009 solus
168 1984 435 2024 nequaquam
455 1985 555 2024 par,
585 1970 639 2009 fic
661 1970 854 2010 adversus
878 1971 1054 2024 singulos
1075 1971 1355 2026 ferox.rergo,

42 2037 89 2066 ut
117 2027 344 2081 segregaret
373 2042 557 2082 pugnam
579 2043 746 2077 eorum,
784 2028 950 2083 capessit
971 2028 1133 2083 sugam,
1167 2031 1222 2069 ita
1244 2040 1357 2068 ratus

44 2083 271 2134 secuturos,
308 2095 351 2123 ut
384 2100 590 2139 quemque
631 2087 808 2125 vulnere
840 2085 1038 2125 affectum
1071 2102 1219 2141 corpus
1254 2087 1358 2126 fine-

40 2151 123 2181 ret.
183 2142 274 2180 Jam
293 2142 693 2197 aliquantum‘spatii
718 2158 770 2182 ex
799 2158 847 2182 eo
877 2145 990 2194 loco,
1026 2146 1097 2184 ubi
1126 2154 1358 2200 pugnatum

44 2198 128 2248 est,
166 2197 397 2251 effugerat,
437 2215 534 2240 cum
564 2199 792 2254 respiciens
820 2200 941 2241 videt
968 2203 1130 2256 magnis
1153 2198 1366 2242 ‘interval-'

43 2256 95 2295 lis
116 2255 359 2309 sequentesr,
388 2272 515 2296 unum
537 2257 651 2297 haud
671 2259 816 2312 procul
839 2261 891 2297 ab
911 2256 995 2299 sese
1017 2259 1165 2299 abesse.
1195 2262 1244 2301 in
1266 2274 1361 2299 eum

44 2325 206 2367 magno.
231 2314 388 2367 impetu
418 2315 556 2355 rediit.
616 2315 690 2365 Et,
721 2316 822 2355 dum
843 2314 1033 2357 Albanus
1064 2320 1269 2358 exercitus
1297 2319 1362 2357 in-

45 2371 199 2410 clamat
221 2372 433 2423 Curiatiis,
472 2374 532 2412 uti
557 2387 679 2427 opem
706 2373 847 2412 ferant
866 2372 1011 2425 fratri3
1045 2376 1133 2428 jam‘
1150 2376 1360 2424 Horatius,

45 2427 164 2468 caeso
185 2427 300 2468 hoste
318 2429 467 2479 victor,
497 2430 725 2470 secundam
745 2445 930 2485 pugnam
950 2436 1131 2485 petebat.
1172 2444 1261 2472 tum
1284 2434 1363 2472 cla-

46 2499 186 2538 more,
216 2487 351 2542 qualis
379 2501 432 2528 ex
448 2487 661 2544 insperato
681 2488 916 2530 faventium
936 2489 1059 2541 solet,
1086 2491 1275 2531 Romani
1295 2490 1364 2530 ad-

1220 2550 1367 2604 juvant
