1527 2707
349 76 382 119 L
413 78 432 116 1
462 77 497 115 Β
526 75 563 115 F
592 77 630 117 R
674 77 708 116 Ι.
781 74 898 114 cir.
929 72 1093 113 xxxix
1136 72 1216 113 xi„
1385 67 1443 120 43

371 172 374 179 .
411 150 461 186 U.
497 150 541 185 c.
581 151 670 188 138.
813 159 843 183 a.
954 144 1008 181 N.
1042 146 1138 189 6221.

114 232 288 285 ingenia
309 230 360 267 ad
384 242 555 279 maguae
580 227 776 265 fortunae
796 225 950 264 euitum
975 235 1226 262 excitantur.
1290 221 1444 261 Evenit

115 288 260 336 facite,
292 286 402 339 quod
425 285 522 324 Diis
551 283 671 324 cordi
691 281 800 321 esset.
862 281 1032 321 Juvenis
1064 280 1186 320 evasit
1207 294 1302 318 vere
1323 278 1445 317 indo·

116 345 169 385 lis
199 343 346 396 regiae.
396 357 500 389 nec,
532 352 673 394 ‘quum
712 349 982 393 quaereretur
1023 351 1152 390 gener
1193 336 1445 390 Tarquinio,

117 403 335 457 quisquam
363 402 576 439 Romanae
606 397 831 449 juventutis
863 397 947 434 ulla
968 405 1057 434 arte
1080 394 1268 434 ronferri
1287 394 1446 448 potuit:

119 459 326 512 filiamque
360 458 399 497 ei
432 457 536 495 suam
571 469 645 493 rex
691 452 922 507 despondit.
991 453 1069 492 Hic
1103 466 1353 506 quacunque
1393 450 1447 490 de

121 517 238 558 causa
260 527 401 554 tantus
427 514 493 553 illi
521 513 658 552 honos
686 512 856 551 habitus
878 508 1057 549 credere
1080 511 1299 564 prolimen
1332 509 1447 548 serva

122 586 270 616 natum
304 586 421 619 eum,
452 584 711 626 parvumque
741 567 873 622 ipsum
905 566 1081 607 servisse.
1141 570 1291 606 Eorum
1324 565 1450 620 magis

124 632 359 672 sententiae
379 629 462 668 sum
481 658 491 677 ,
522 628 616 681 qui,
648 626 878 666 Corniculo
900 636 1045 678 capto,
1073 625 1159 664 Ser.
1189 625 1346 673 Tullii,
1376 622 1451 676 qui

125 690 328 745 princeps
348 689 393 726 in
424 687 497 724 illa
518 686 621 724 urbe
643 683 796 732 fuerit,
832 683 1045 736 gravidam
1063 683 1156 722 viro
1185 680 1319 722 occiso
1351 695 1450 720 uxo·

127 762 245 796 rem,
292 760 384 784 cum
406 745 518 782 inter
541 743 720 793 reliquas
743 741 922 794 captivas
946 740 1108 793 cognita
1131 739 1228 779 esset
1243 771 1253 790 ,
1282 741 1334 777 ob
1360 738 1453 778 uni·

128 819 218 845 cam
251 802 515 842 nobilitatem
547 802 597 838 ab
627 799 771 853 regina
803 795 998 851 Romana*
1021 797 1271 849 prohibitam
1304 796 1453 836 ferunt

129 862 318 908 servitio,
355 869 516 913 partum
550 858 708 896 Romae
740 855 935 904 edidisse,
969 854 1093 894 Prisci
1128 855 1355 907 Tarquinii
1384 853 1455 893 do-

128 934 212 960 mo.
272 917 377 956 Inde
399 926 516 955 tanto
540 913 745 956 beneficio
768 924 808 952 et
833 913 948 952 inter
972 913 1165 951 muneres
1191 911 1455 951 famiIiarita-

130 988 216 1017 tem
238 986 401 1014 auctam
417 1004 427 1022 ,
456 984 498 1011 et
523 986 723 1024 puerum,
752 981 797 1008 ut
818 970 865 1008 in
888 970 1012 1009 domo
1032 984 1054 1009 a
1085 984 1212 1022 parvo
1242 970 1456 1017 eductum,

132 1034 179 1073 in
203 1034 373 1072 caritate
403 1044 524 1082 atque
550 1030 712 1067 honore
734 1027 873 1067 fuisse:
909 1027 1120 1067 fortunam
1148 1027 1311 1077 matris,
1341 1024 1456 1080 quod

134 1102 251 1144 capta
285 1089 416 1143 patria
440 1088 488 1126 in
511 1086 686 1125 hornum
714 1097 863 1125 manus
893 1084 1083 1133 venerit,
1122 1095 1167 1124 ut
1193 1084 1308 1124 serva
1334 1095 1455 1124 natus

137 1149 408 1195 crederetur,
437 1144 588 1185 fecisse.

251 1264 330 1303 XL.
387 1258 852 1313 Duodequadragefimo
885 1257 1021 1300 ferme
1051 1272 1188 1308 anno,
1219 1272 1275 1298 ex
1295 1272 1375 1310 quo
1393 1273 1459 1300 re-

138 1333 268 1379 gnare
288 1329 482 1372 coeperat
506 1319 777 1369 Tarquinius,
811 1331 898 1357 non
923 1316 1033 1371 apud
1055 1331 1191 1370 regem
1217 1316 1355 1367 modo,
1388 1315 1459 1357 sed

138 1381 248 1434 apud
275 1381 408 1417 Patres
428 1378 697 1430 plebemque,
723 1377 846 1428 longe
867 1375 1045 1417 maximo
1066 1374 1234 1414 honore
1254 1375 1338 1414 Ser.
1361 1376 1461 1414 Tul-

139 1440 219 1479 lius
243 1447 339 1478 erat.
400 1436 507 1473 Tum
532 1432 644 1472 Anci
672 1433 746 1471 filii
777 1433 859 1471 duo
881 1431 953 1472 etfi
974 1443 1095 1471 antea
1117 1432 1276 1484 semper
1300 1447 1376 1485 pro
1398 1435 1461 1472 in-

143 1493 376 1550 dignissimo
396 1491 645 1540 habuerant,
666 1489 706 1529 se
724 1491 861 1544 patrio
882 1504 1013 1544 regno
1035 1491 1179 1528 tutoris
1201 1489 1349 1529 fraude
1371 1492 1460 1544 pul-

141 1554 228 1603 sos,
256 1563 430 1605 regnare
458 1550 616 1588 Romae
639 1548 840 1588 advenam
857 1578 868 1596 ,
910 1561 1002 1587 non
1029 1547 1153 1586 modo
1177 1547 1358 1596 civicae,
1391 1548 1463 1588 fed

141 1625 199 1653 ne
233 1608 396 1648 Italicae
424 1606 592 1659 quidem
621 1604 780 1660 stirpis3
810 1616 896 1644 tum
928 1604 1152 1658 impensius
1182 1606 1246 1644 his
1274 1606 1463 1659 indigni-

133 1680 203 1709 ·tas
235 1665 444 1708 crescere,
483 1662 510 1702 fi
542 1676 597 1702 ne
631 1666 682 1702 ab
713 1663 946 1716 Tarquinio
974 1663 1140 1716 quidem
1164 1662 1215 1701 ad
1237 1662 1276 1702 se
1302 1664 1463 1704 rediret

145 1739 346 1779 regnum,
378 1721 443 1760 [ed
475 1734 677 1775 praeceps
707 1720 810 1760 inde
841 1735 967 1774 porro
999 1720 1049 1759 ad
1079 1720 1244 1760 servitia
1274 1721 1463 1763 caderet:

146 1794 192 1823 ut
211 1784 259 1821 in
279 1781 421 1821 eadem
447 1778 613 1817 civitate
632 1777 718 1832 post
738 1776 1005 1818 centesimum
1026 1778 1116 1818 fere
1135 1792 1310 1827 annum,
1341 1793 1464 1833 quam

147 1841 349 1882 Romulus
372 1838 468 1877 Deo
499 1846 746 1890 prognatus,
782 1836 899 1875 Deus
920 1835 1028 1889 ipse,
1058 1836 1245 1875 tenuerit
1274 1850 1466 1890 regnum,

148 1898 286 1939 donec
316 1896 364 1934 in
395 1894 520 1932 terris
553 1891 704 1942 fuerit,
732 1893 776 1932 id
808 1893 945 1933 servus
977 1893 1088 1934 serva
1109 1904 1229 1933 natus
1251 1894 1465 1950 possideat.

152 1966 239 1995 tum
267 1965 488 1993 commune
519 1950 697 1990 Romani
728 1951 934 1999 nominis,
965 1961 1052 1990 tum
1082 1952 1304 2005 praecipue
1325 1952 1470 1992 iddo.

153 2026 242 2052 mus
267 2011 354 2050 suae
375 2008 553 2048 dedecus
575 2008 667 2048 fore
681 2038 691 2057 ,
718 2007 747 2046 fi
761 2038 772 2057 ,
802 2008 914 2047 Anci
935 2009 1043 2062 regis
1065 2008 1174 2050 virili
1196 2008 1321 2064 stirpe
1341 2009 1467 2059 salva,

155 2083 248 2110 non
275 2068 397 2107 modo
427 2065 628 2116 advenis,
656 2065 727 2105 sed
756 2065 879 2105 servis
909 2067 1057 2116 etiam,
1098 2080 1274 2120 regnum
1305 2070 1468 2108 Romae

156 2137 330 2182 pateret.
390 2125 517 2164 Ferro
538 2123 666 2177 igitur
687 2137 775 2163 eam
797 2137 939 2163 arcere
958 2124 1252 2163 contumeliam*
1271 2124 1467 2165 statuunt.

158 2183 240 2224 Sed
263 2193 300 2222 et
323 2182 502 2235 injuriae
522 2181 639 2221 dolor
657 2181 702 2221 in
723 2182 1001 2235 Tarquinium
1020 2181 1150 2235 ipsum
1174 2183 1317 2236 magis,
1348 2197 1470 2237 quam

158 2241 206 2281 in
236 2240 441 2287 Servium,
470 2252 538 2278 eos
566 2239 814 2278 stimulabat:
854 2249 897 2277 et
928 2239 1021 2292 quia
1049 2240 1213 2292 gravior
1245 2242 1355 2279 ultor
1384 2255 1472 2280 oae-

160 2299 240 2347 dis,
267 2295 297 2336 fi
316 2296 545 2349 superesset,
575 2311 651 2336 rex
673 2296 834 2336 futurus
854 2307 957 2346 erat,
987 2311 1107 2350 quam
1132 2298 1340 2350 privatus:
1367 2309 1470 2344 tum,

160 2355 304 2396 Servio
326 2353 483 2402 occiso,
532 2367 821 2407 quemcunque
855 2355 981 2392 alium
1015 2368 1216 2408 generum
1252 2354 1475 2410 delegisset,

161 2413 344 2461 eur-dem
376 2413 495 2464 regni
523 2410 720 2451 heredem
761 2410 944 2450 facturus
975 2412 1217 2452 videbatui-0.
1275 2414 1341 2452 Ob
1370 2413 1476 2453 haee

162 2470 239 2525 ipsi
257 2469 346 2526 regi
367 2468 540 2509 insidiae
557 2476 772 2523 paramur.
812 2467 879 2510 Ex
889 2468 1119 2525 pastoribus
1136 2469 1221 2511 duo
1239 2467 1477 2512 ferocissimi

1363 2527 1477 2569 dele·
