1527 2707
136 78 220 130 ¹2³¹*
449 79 483 120 L
501 80 521 120 1
541 77 575 120 Β
593 77 631 120 Ε
648 76 689 120 R
718 78 774 120 11.
832 80 944 121 (ζων.
973 80 1056 122 Ι,Χ.
1087 81 1192 123 LXI.

424 153 476 189 U.
499 152 542 189 C.
569 152 663 200 284-
910 165 945 189 a.
974 153 1018 190 C.
1043 152 1098 190 N.
1121 154 1219 202 458.

135 288 255 329 domi
278 287 462 342 forisque
482 302 646 327 annum
676 298 881 338 exactum,
902 287 1115 341 insignem
1141 289 1325 329 maxime
1347 290 1472 330 comi-

137 348 196 386 tia
216 347 371 386 tributa
391 345 604 385 efficiunt}
644 359 712 384 res
733 346 866 398 major
890 346 1064 385 victoria
1085 346 1261 401 suscepti
1282 348 1473 388 certami-

137 405 222 453 nis,
254 419 379 457 qnam
400 403 498 453 usu3
535 405 627 457 plus
649 404 766 442 enim
786 403 1000 457 dignitatis
1025 405 1202 459 comitiis
1222 403 1315 459 ipsis
1338 404 1474 445 detra-

137 473 254 501 ctum
272 461 350 512 est,
395 463 582 500 Patribus
604 475 656 499 ex
686 460 859 500 consilio
889 459 1217 512 submovendis,
1259 477 1385 515 quam
1415 463 1472 503 vi-

136 520 252 560 rium
273 532 341 559 aut
358 520 472 574 plebi
500 517 690 558 additum
714 519 796 568 est,
833 529 902 559 aut
921 517 1112 559 demtum
1133 518 1336 560 Patribus.

253 637 360 676 LXI.
422 635 728 674 Turbulentior
757 633 862 673 inde
893 647 1032 672 annus
1062 634 1245 688 excepit,
1289 635 1333 674 L.
1354 634 1475 675 Vale-

137 692 218 746 rio,
248 696 343 734 Tib.
358 692 540 733 Aelnilio
560 691 799 731 consulibus
814 721 825 741 ,
848 706 944 730 cum
962 702 1136 745 propter
1157 692 1389 731 certamina
1409 706 1475 731 or·

137 755 293 794 dirium
314 751 368 791 de
391 752 480 804 lege
502 751 662 803 agraria
675 779 686 797 ,
727 760 815 788 tum
835 761 1011 804 propter
1029 748 1231 800 judicium
1250 748 1335 803 Ap.
1354 750 1473 788 Clau-

140 812 201 852 dii
218 811 338 858 t‘cul,
370 807 575 847 acerrimo
597 806 834 847 adversario
856 809 980 860 legis,
1013 805 1261 861 causamque
1280 805 1474 861 possesso-

139 885 238 916 rum
269 868 427 922 publici
461 866 570 918 agri,
621 876 823 917 tanquam
853 865 976 903 tertio
1007 863 1193 915 consuli,
1233 864 1472 914 sustinenti,

139 929 201 969 Μ.
222 925 393 965 Duilius
415 935 455 962 et
477 925 521 961 C.
549 923 727 961 Sicinius
754 921 868 960 diem
890 921 1048 960 dixere.
1109 922 1344 976 Nunquam
1373 931 1474 961 ante

139 997 226 1025 tarn
256 981 415 1022 invisus
436 981 550 1035 plebi
581 993 677 1018 reus
707 978 763 1017 ad
790 978 991 1032 judicium
1021 991 1188 1032 vocatus
1208 980 1365 1034 {populi
1401 977 1474 1028 est,

72 234 74 236 ’
136 242 205 280 tu,
238 244 496 271 memorans.
553 231 680 270 Varia
709 229 883 269 fortuna
911 231 1034 280 belli,
1095 233 1225 271 atroci
1262 231 1473 272 discordia
1522 257 1527 274 .Ἰ

1519 278 1527 338 i

1505 337 1527 407 s

1519 435 1527 507 i

1508 564 1527 638 sd.

1519 644 1527 696 ἱ

1518 701 1527 751 ³.

137 1044 294 1099 plenus
316 1040 478 1078 suarum
495 1068 506 1086 ,
539 1039 691 1090 plenus
713 1047 989 1091 paternarum
1008 1037 1180 1076 irarum.
1212 1039 1351 1076 Patres
1375 1051 1475 1092 quo·
1521 1047 1527 1052 ·

141 1115 225 1155 que
243 1112 336 1137 non
356 1109 515 1136 temere
540 1110 618 1148 pro
648 1096 734 1133 ullo
759 1109 888 1147 aeque
918 1093 1056 1133 annisi
1073 1093 1193 1132 sunt:
1236 1107 1474 1149 propugna·

141 1170 281 1198 torem
299 1155 490 1202 senatus,
531 1151 833 1205 majestatisque
856 1152 1072 1192 vindicem
1091 1151 1208 1202 suae,
1247 1151 1303 1191 ad
1324 1159 1475 1192 omnes

141 1214 393 1255 tribunicios
411 1212 677 1266 plebeiosque
690 1209 924 1264 oppositum
942 1210 1157 1258 tumultus,
1174 1208 1348 1250 modum
1367 1208 1473 1247 dun·
1525 1230 1527 1240 ι

94 1301 103 1309 ,
121 1275 123 1277 ’
139 1284 257 1313 taxat
276 1273 325 1311 in
347 1271 581 1310 certamine
602 1267 803 1321 egressum
818 1297 829 1316 ,
868 1268 997 1307 iratae
1018 1268 1142 1320 objici
1161 1268 1288 1321 plebi.
1350 1268 1474 1306 Unus
1512 1300 1515 1306 χ

142 1331 373 1373 e'Patribus
387 1358 399 1377 ,
440 1327 527 1380 ipse
547 1325 627 1380 Ap.
650 1325 844 1364 Claudius
857 1355 868 1374 ,
913 1336 953 1364 et
972 1325 1186 1374 tribunos,
1227 1336 1268 1364 et
1288 1325 1472 1379 plebem,

141 1401 187 1429 et
208 1388 328 1427 suum
347 1385 550 1441 judicium
570 1398 647 1438 pro
669 1383 807 1422 nihilo
826 1383 1018 1421 habebat.
1069 1383 1196 1421 Illum
1216 1397 1310 1421 non
1328 1383 1474 1421 minae

142 1447 278 1503 plebis
295 1475 304 1493 ‚
341 1458 433 1483 non
454 1442 787 1495 senatusspreces
809 1441 1046 1494 perpellere
1075 1454 1264 1493 unquam
1283 1451 1472 1494 potuere,

142 1519 239 1545 non
262 1501 389 1541 modo
410 1512 454 1539 ut
473 1498 628 1540 vestem
649 1509 852 1547 mutaret,
880 1509 950 1537 aut
972 1497 1146 1551 supplex
1161 1497 1382 1551 prensaret
1398 1498 1473 1537 ho-

143 1564 309 1608 mine83
355 1558 426 1599 sed
445 1572 502 1598 ne
522 1568 566 1595 ut
589 1571 642 1595 ex
661 1556 860 1595 consueta
884 1554 1052 1609 quidem
1078 1554 1296 1609 asperitate
1325 1556 1473 1595 oratio-

143 1621 215 1661 :nis
230 1650 240 1668 ‚
288 1633 380 1656 cum
407 1616 460 1655 ad
479 1615 683 1670 populum
706 1612 869 1668 agenda
889 1612 1009 1652 causa
1033 1612 1155 1662 esset,
1187 1611 1345 1666 aliquid
1365 1614 1473 1652 leni-

143 1688 211 1718 ret
236 1687 356 1728 atque
376 1674 649 1713 submitteret.
720 1671 839 1710 Idem
866 1671 1031 1709 habitus
1054 1671 1161 1718 oris,
1205 1669 1353 1710 eadem
1372 1685 1476 1711 con·
1504 1697 1505 1700 =
1525 1690 1527 1696 ¹

142 1735 329 1775 tumacia
346 1734 395 1772 in
416 1733 531 1771 vultu
545 1760 555 1779 ,
594 1729 709 1769 idem
730 1730 779 1768 in
805 1729 997 1767 oratione
1026 1727 1192 1782 spiritus
1214 1739 1303 1780 erat
1316 1732 1344 1768 ;’
1365 1728 1472 1769 adeo

142 1804 192 1833 'ut
213 1806 366 1846 magna
385 1804 482 1843 pars
501 1789 635 1842 plebis
655 1787 842 1841 Appium
864 1800 957 1825 non
983 1786 1126 1825 minus
1142 1800 1264 1824 reum
1291 1787 1470 1837 timeret,

143 1864 273 1903 quam
312 1847 527 1887 consulem
560 1846 765 1884 timuerat.
834 1844 971 1884 Semel
1009 1843 1176 1882 causam
1205 1842 1334 1894 dixit,
1388 1860 1471 1899 quo

141 1908 312 1961 ,semper
333 1920 454 1960 agere
475 1904 622 1944 omnia
641 1903 781 1942 solitus
803 1913 911 1951 erat,
942 1900 1192 1941 accusatorio
1210 1901 1370 1955 spiritu.
1403 1903 1472 1943 ad·
1523 1920 1527 1927 *

144 1974 281 2019 eoque
302 1962 534 2003 constantia
554 1960 622 2000 [ua
643 1972 684 2000 et
701 1961 893 1999 tribunos
914 1957 1189 2012 obstupefecit
1217 1960 1258 1998 et
1284 1961 1470 2014 plebem,

144 2033 193 2063 ut
220 2022 334 2062 diem
366 2020 441 2074 ipsi
469 2019 540 2058 sua
571 2020 786 2059 voluntate
813 2016 1111 2073 prodicerent:
1171 2017 1284 2058 trahi
1311 2018 1472 2060 deinde

145 2095 241 2121 rem
261 2080 463 2119 finerent.
524 2076 648 2116 Haud
667 2077 724 2115 ita
743 2075 921 2114 multum
942 2075 1116 2114 interim
1145 2077 1348 2129 temporis
1377 2076 1472 2119 fuit.
1523 2121 1526 2123 Α

145 2149 249 2178 ante
271 2149 441 2186 tamen,
479 2149 604 2189 quam
625 2132 816 2188 prodicta
835 2132 925 2172 dies
946 2132 1131 2182 veniret,
1169 2135 1320 2173 morbo
1347 2136 1474 2175 mori-

145 2207 229 2237 tur.
296 2195 411 2248 cujus
455 2207 551 2231 cum
588 2191 875 2231 laudationem
907 2190 1069 2229 tribuni
1098 2191 1233 2243 plebis
1262 2191 1474 2246 impedire
1519 2190 1526 2233 ,7

145 2263 430 2301 conarentur,
473 2251 591 2305 plebs
617 2248 808 2289 fraudari
832 2247 1012 2287 solemni
1035 2247 1201 2287 honore
1230 2248 1473 2304 supremum

144 2311 262 2352 diem
279 2310 386 2349 tanti
405 2309 486 2350 viri
507 2308 665 2357 noluit3
705 2317 743 2346 et
770 2305 1056 2346 laudationem
1083 2316 1168 2344 tam
1198 2308 1339 2360 aequis
1365 2310 1474 2349 auri-

143 2371 222 2410 bus
253 2367 408 2408 mortui
439 2365 616 2414 audivit,
656 2379 782 2420 quam
808 2365 895 2405 vivi
925 2362 1476 2420 accusationemiaudieratg

147 2436 191 2470 et
218 2425 432 2482 exsequias
454 2422 655 2479 frequens
679 2423 919 2464 celebravit.

1346 2481 1475 2525 LXII.
