1527 2707
116 98 201 145 3¹8
488 94 825 137 L1BER-v1.
893 98 1010 139 en.
1031 97 1086 140 ιῐ.

116 154 128 161 “
347 165 436 205 *u
472 169 517 205 c.
546 166 642 213 με).
897 184 930 208 0.
963 173 1008 206 (2.
1041 171 1091 207 N.
1122 171 1220 215 386.

121 240 296 295 factam.
333 259 582 286 mer-catores
602 246 848 292 afferebant.
879 260 1013 287 novus
1034 262 1198 303 quotque
1219 260 1358 290 terror
1381 265 1447 291 ac-

122 306 299 349 cesserat
319 304 562 345 desectione
582 306 824 344 Latinorum
847 305 1226 361 Hernicorumque,
1255 308 1339 361 qui,
1358 306 1449 361 post

121 377 304 420 pugnam
335 362 388 402 ad
418 364 553 402 lacum
584 363 795 416 Regillum
822 361 997 413 factam,
1042 377 1122 417 per
1150 378 1285 405 annos
1314 379 1448 419 propo
1503 366 1519 399 -’

122 433 292 465 centum
323 424 539 477 nunquatn
565 421 755 475 ambigua
786 421 869 461 fide
896 422 944 459 in
973 421 1162 462 amicitia
1189 423 1332 480 populi
1363 424 1447 463 Ro·

121 479 237 520 mani
260 478 443 519 fuerant.
500 480 643 531 ltaque
673 493 769 518 cum
803 479 907 517 tanti
941 478 1131 532 undique
1161 490 1344 520 terrores
1367 481 1447 521 cir·

122 537 395 585 cumstarent,
439 546 746 589 appareretque
777 536 994 587 omnibns,
1042 551 1131 577 non
1173 537 1271 577 odio
1317 536 1448 578 solum

122 595 232 650 apud
264 593 424 642 hostes,
470 592 538 633 sed
572 604 788 633 contemtu
828 594 952 634 etiam
988 594 1103 633 inter
1132 593 1260 636 socios
1289 600 1450 636 nomen

120 655 363 695 Romanum
393 651 613 700 laborare3
663 651 824 705 placuit
858 650 1012 692 eisdem
1043 651 1241 706 auspiciis
1270 652 1448 693 defendi

121 711 450 764 rempublicam,
494 709 644 762 quibus
677 720 924 763 recuperata
953 708 1074 760 esset,
1116 710 1450 765 dictatoremque

121 769 222 810 dici<
250 769 307 809 M.
342 766 512 806 Furium
551 767 789 806 Camillum.
859 768 897 806 Is
938 765 1116 807 dictator
1152 769 1199 807 C.
1227 769 1449 809 Servilium

123 826 303 874 Ahalam
332 823 566 878 magistrum
609 825 793 877 equitum
823 824 953 864 dixit:
997 824 1235 879 justitioque
1268 825 1450 876 indicto,

122 885 332 926 delectum
352 882 566 930 juniorum
587 882 758 931 habuit,
792 881 848 921 ita
875 892 920 921 ut
940 881 1123 924 seniores
1145 897 1310 937 quoque
1325 915 1336 935 ‚
1361 884 1457 938 qui-'

121 945 199 983 bus
217 939 378 994 aliquid
401 938 562 978 roboris
585 938 831 991 superesset,
859 940 907 978 in
928 939 1138 980 verbasua
1167 941 1322 994 juratos
1351 955 1450 983 een·

122 999 314 1041 turiaret.
346 997 592 1037 Exercitum
617 996 896 1049 conscriptum
923 1000 1210 1052 armatumque
1240 999 1449 1040 trifariam

118 1055 276 1100 divisit.
305 1066 464 1109 partem
489 1067 614 1093 unam
636 1053 682 1093 in
703 1068 798 1108 agro
821 1055 999 1104 Veiente
1020 1055 1214 1095 Etruriae
1235 1057 1448 1112 opposuit:

123 1117 300 1159 alteram
329 1124 429 1152 ante
457 1114 603 1151 urbem
634 1111 761 1152 castra
793 1113 932 1151 locare
962 1111 1080 1165 jussit.
1120 1112 1312 1154 tribunus
1340 1115 1449 1155 mili-

123 1184 214 1215 tum
235 1171 303 1211 his
326 1169 379 1211 A.
399 1170 597 1219 Manlius,
626 1170 734 1216 illis,
767 1170 838 1220 qui
867 1169 1058 1210 adversus
1086 1170 1283 1212 Etruscos
1312 1172 1449 1212 mitto-

121 1235 303 1279 bantur‚
331 1229 376 1267 L.
397 1227 598 1268 Aemilius
618 1227 888 1282 praepositus:
917 1227 1091 1267 tertiam
1106 1236 1266 1281 partem
1287 1229 1374 1284 ipse
1393 1229 1449 1270 ad

121 1288 293 1330 Volscos
322 1286 465 1329 duxit;
503 1299 585 1325 nec
614 1288 761 1341 procul
790 1287 842 1325 ab
873 1286 1057 1326 Lanuvio
1097 1286 1166 1337 (ad
1195 1285 1452 1328 Maecium-is

124 1349 243 1389 locus
273 1343 449 1393 dicitur)
489 1342 620 1384 castra
659 1357 904 1398 oppugnare
943 1343 1000 1383 est
1038 1343 1218 1384 adortus.
1277 1346 1450 1396 Quibus,

123 1408 176 1448 ab
197 1413 413 1445 contemtu
437 1401 567 1455 (quod
587 1416 717 1456 prope
744 1416 912 1442 omnem
942 1401 1120 1442 deletam
1147 1415 1171 1441 a
1203 1402 1336 1443 Gallis
1363 1405 1452 1443 Ro-

112 1461 292 1506 manam
317 1462 578 1512 juventutem
601 1458 845 1507 crederent)
863 1459 916 1499 ad
939 1461 1093 1499 bellurn
1115 1459 1327 1513 profectis,
1361 1471 1449 1515 tap-

124 1532 212 1562 tum
244 1519 440 1559 Camillus
466 1518 627 1558 auditus
659 1518 887 1572 imperator
915 1518 1086 1558 terroris
1123 1519 1351 1569 intulerat,
1402 1528 1449 1558 ut

124 1580 234 1620 vallo
264 1576 306 1617 se
340 1573 440 1630 ipsi,
485 1577 648 1630 vallum„
667 1575 866 1629 congestis
895 1575 1114 1615 arboribus
1144 1574 1356 1629 sepirent,
1390 1589 1451 1616 ne

125 1651 205 1693 qua
225 1637 390 1675 intrare
408 1632 458 1672 ad
483 1634 745 1673 munimenta
767 1632 890 1672 hostis
911 1631 1051 1685 posset.
1087 1633 1302 1684 Quod¹ubi
1315 1633 1446 1673 anim·

125 1693 310 1735 advertit
347 1692 562 1740 Camillus,
613 1693 752 1746 ignem
792 1692 840 1729 in
869 1692 1071 1740 oblectam
1115 1689 1252 1745 sepem
1292 1691 1447 1744 conjici

126 1750 245 1807 jussit.
275 1761 316 1790 et
334 1749 443 1789 sorte
466 1760 555 1788 erat
575 1750 635 1789 vis
653 1746 799 1803 magna
829 1749 945 1787 venti
964 1747 1074 1788 versa
1104 1748 1152 1787 in
1173 1747 1344 1788 hostem.
1375 1751 1446 1788 ita-
1482 1756 1486 1759 “

128 1824 210 1865 que
237 1821 327 1848 non
348 1807 510 1859 aperuit
530 1806 658 1846 solum
683 1806 883 1846 incendio
904 1806 1037 1854 viam,
1067 1805 1152 1854 sed,
1190 1805 1368 1846 flammis
1395 1807 1445 1846 in

126 1867 257 1908 castra
280 1864 569 1913 tendentibus,
598 1879 752 1917 vapore
771 1865 895 1904 etiam
909 1878 959 1902 ac
980 1863 1098 1903 fumo
1121 1863 1372 1917 crepituque
1386 1864 1443 1904 vi.

122 1925 232 1967 vidis
256 1923 458 1963 materiae
480 1922 707 1976 flagrantis,
737 1922 789 1961 ita
808 1922 1088 1961 consternavit
1113 1920 1275 1970 hostes,
1303 1931 1348 1960 ut
1368 1922 1444 1960 mi-

126 1999 209 2024 nor
227 1983 355 2020 moles
385 1978 669 2034 superantibus
691 1981 840 2019 vallum
871 1980 916 2018 in
939 1978 1068 2018 castra
1088 1978 1334 2019 Volscorum
1363 1979 1444 2019 Ro-

126 2040 261 2082 manis
293 2038 446 2087 fuerit,
498 2052 614 2093 quam
655 2037 1047 2077 transcendentibus
1076 2035 1210 2090 sepem
1240 2037 1444 2078 incendio

125 2095 348 2139 absumtam
369 2095 516 2135 fuerat.
578 2094 683 2136 Fusis
710 2096 891 2136 hostibus
925 2092 1156 2147 caesisque,
1187 2108 1280 2134 cum
1310 2094 1443 2135 castra

125 2158 287 2209 impetu
308 2153 476 2208 cepisset
497 2153 700 2202 dictator,
725 2154 922 2207 praedam
953 2152 1075 2190 militi
1099 2151 1238 2206 dedit;
1269 2167 1350 2206 quo
1371 2152 1444 2191 mi-

124 2227 204 2255 nus
224 2212 446 2268 speratam,
477 2211 654 2250 minime
682 2213 878 2264 largitore
896 2211 1026 2258 duee,
1066 2224 1115 2249 eo
1144 2210 1266 2248 militi
1292 2209 1443 2265 gratio-

124 2286 228 2313 rem.
267 2268 504 2324 persecutus
542 2269 697 2309 deinde
738 2270 969 2324 fugiente3‚
1015 2282 1110 2307 cum
1145 2281 1315 2307 omnem
1344 2268 1443 2307 Vol·

88 2369 93 2377 ,
124 2330 235 2371 scum
262 2340 405 2381 agrum
435 2326 708 2380 depopulatus
741 2327 859 2375 esset,
909 2325 961 2366 ad
992 2325 1249 2366 deditionem
1278 2324 1441 2365 Volscos

124 2383 408 2444 septuagesimo
438 2385 605 2425 dennum
646 2398 758 2425 anno
803 2385 972 2436 subegit.
1034 2385 1179 2424 Victor
1203 2398 1257 2423 ex
1286 2381 1442 2424 Volscis

122 2447 172 2487 in
198 2445 364 2499 Aequos
397 2442 584 2496 tranfiit,
621 2453 662 2484 et
693 2442 798 2500 ipsos
829 2445 984 2485 bellum
1014 2440 1255 2483 molientes:
1282 2439 1442 2482 exerci-

1353 2507 1442 2539 tum
