1527 2707
266 72 301 134 1.
321 93 342 133 1
363 93 399 134 Β
419 92 456 134 Ε
478 92 521 134 R
579 95 635 134 11.
710 95 824 135 en.
857 93 942 133 m.
973 89 1082 133 Lm.
1113 91 1220 132 mv.
1367 96 1448 136 117

147 162 235 202 *U.
259 166 301 204 C.
316 170 414 209 280.
446 178 481 203 a.
505 165 551 204 C.
571 165 736 215 N.4'72.
795 160 881 210 †U.
897 164 939 201 C.
957 167 1051 205 281.
1088 176 1123 200 a.
1147 161 1195 200 C.
1217 161 1271 199 N.
1291 161 1391 209 471.

104 243 421 283 Menenianum
447 240 582 295 (adeo
609 252 881 284 mutaverant
907 241 1122 292 animum)
1148 238 1307 295 profuit
1333 234 1440 291 judi-

103 313 230 340 cium.

221 378 330 417 LIII.
391 377 635 419 Certamina
665 376 781 417 (tomi
810 378 942 417 finita.
1002 376 1160 429 Veiens
1181 375 1342 415 bellum
1365 385 1434 412 ex-

103 437 269 489 ortum3
306 436 456 488 quibus
479 437 623 476 Sabini
647 450 763 474 arma
786 435 1114 489 conjunxerant.
1175 436 1216 473 P.
1239 431 1432 472 Valerius

102 493 272 542 consul,
304 493 442 533 accitis
462 495 705 533 Latinorum
731 494 1097 546 Hernicorumque
1116 491 1279 531 auxiliis
1293 520 1305 539 ‚
1333 502 1433 527 eum

100 551 293 590 exercitu
315 552 439 605 Vejos
459 550 625 600 missus,
661 551 791 604 castra
818 551 995 599 Sabina,
1038 564 1143 603 quae
1169 564 1247 603 pro
1269 546 1432 585 moeni-

101 609 180 648 bus
213 608 419 647 sociorum¹
444 609 581 647 locata
609 619 756 658 erant,
801 606 1021 647 confestim
1049 606 1310 660 aggreditur3
1339 615 1427 642 tan.

100 675 270 718 tamque
290 665 618 718 trepidationem
637 667 806 721 injecit,
837 677 905 713 ut,
938 665 1037 704 (lum
1061 663 1232 717 dispersi
1254 663 1324 702 alii
1343 661 1428 703 *aJia

69 726 71 729 ’
97 723 399 776 :manipulatim
421 735 657 762 excurrunt·
672 723 726 763 ad
746 723 975 765 arcendam
1008 721 1187 761 hostium
1219 721 1328 769 vim,
1379 732 1430 757 ea

99 791 223 834 porta
237 810 247 829 ‚
280 781 347 819 cui
367 780 481 835 ligna
501 781 688 835 primum
704 783 922 829 intulerat,
956 791 1186 833 caperetur.
1218 779 1333 818 intra
1344 777 1427 827 val·

91 838 187 877 ,lum
209 837 367 877 deinde
388 837 534 878 caedes
554 841 708 893 magis,
740 854 865 893 quam
887 840 1116 893 proeli-um,
1147 835 1244 877 esse.
1273 834 1427 874 tumul-

46 940 49 943 ,
75 905 162 934 ¹tus
195 909 217 934 e
247 896 387 935 castris
417 907 457 935 et
487 897 537 935 in
564 900 714 936 urbe-m
738 907 954 951 penetrat:
995 907 1199 949 tanquam
1220 894 1333 946 Vejis
1363 905 1427 930 ca-

95 953 202 1008 ptis,
233 954 291 992 ita
311 953 453 1007 pavidi
466 954 663 1009 Vejentes
687 954 742 993 ad
759 969 876 994 arma
894 964 1083 993 currunt.
1104 954 1107 957 ’
1142 964 1240 1007 pars
1260 950 1427 991 Sabinis

94 1021 202 1049 eunt
227 1009 431 1060 subfidi03
464 1025 560 1065 pars
583 1014 801 1052 Romanos
816 1043 830 1062 ‚
865 1022 948 1051 toto
978 1012 1139 1064 impetu
1159 1011 1347 1049 intentos
1375 1008 1426 1046 in

94 1067 251 1118 castra,
281 1068 543 1109 adoriuntur.
577 1070 788 1123 Paulisper
806 1068 935 1110 aversi
961 1069 1194 1122 turbatique
1215 1067 1322 1106 sunt.
1354 1064 1425 1104 de-

94 1124 201 1165 inde
223 1136 264 1164 et
281 1125 357 1180 ipsi
376 1136 551 1179 utroque
572 1125 694 1165 verfis
716 1126 842 1180 lignis
866 1124 1084 1166 resistunt:
1123 1136 1164 1165 et
1183 1138 1309 1178 eques
1323 1152 1335 1173 ,
1371 1123 1424 1160 ab

95 1182 268 1222 consule
298 1182 523 1232 immissus,
562 1182 716 1223 Tuscos
748 1183 892 1223 fundit
921 1182 1129 1236 fugatque.
1193 1181 1424 1234 eademque

91 1240 202 1281 hora
221 1239 303 1279 duo
323 1241 526 1279 exercitus
539 1271 550 1290 ,
582 1240 688 1280 duae
710 1240 1019 1295 potentissimae
1039 1251 1079 1280 et
1099 1240 1309 1280 maximae
1329 1237 1422 1277 fini-

91 1299 220 1347 timae
239 1309 385 1351 gentes
405 1297 619 1351 superatae
641 1298 749 1338 sunt.
789 1299 909 1339 Dum
929 1298 1035 1337 haec
1053 1297 1107 1337 ad
1127 1298 1253 1350 Vejos
1272 1309 1421 1351 gerun-

72 1365 186 1405 πυτ,
226 1354 364 1396 Volsci
385 1354 603 1409 Aequique
632 1357 681 1396 in
712 1358 863 1396 Latino
894 1370 992 1409 agro
1018 1355 1245 1410 posuerant
1274 1353 1419 1401 castra,

88 1413 361 1467 populatique
389 1413 495 1452 fines
517 1424 652 1453 erant.
712 1428 783 1454 eos
805 1429 882 1469 per
906 1413 948 1453 se
979 1413 1055 1468 ipfi
1078 1414 1240 1463 Latini,
1272 1411 1419 1451 assum-

88 1471 143 1509 tis
165 1471 387 1520 Hernicis,
427 1470 516 1510 fine
539 1474 736 1511 Romano
759 1484 827 1511 aut
853 1471 958 1512 duce
980 1482 1049 1509 aut
1067 1471 1246 1520 auxilio,
1277 1468 1419 1508 castris

90 1535 314 1567 exuerunt.
375 1530 545 1582 Ingenti
563 1529 734 1584 praeda,
763 1540 931 1584 praeter
949 1528 1039 1569 fuas
1058 1537 1323 1582 recuperatas
1336 1540 1418 1576 res,

66 1586 210 1640 2potiri
237 1585 344 1626 sunt.
404 1586 547 1628 missus
578 1599 725 1626 tamen
750 1590 801 1626 ab
826 1589 965 1627 Roma-
995 1585 1141 1626 consul
1168 1587 1218 1625 in
1249 1584 1416 1626 Volscos

89 1645 135 1682 C.
159 1643 348 1684 Nautius.
408 1646 520 1693 Mos,
557 1645 709 1694 credo,
740 1659 841 1684 non·
855 1647 1070 1698 placebat,
1100 1643 1190 1682 [ine
1216 1644 1416 1683 Romano

86 1700 196 1740 duee
216 1703 484 1756 exercituque
504 1702 629 1742 socios
651 1704 834 1756 propriis
863 1703 1021 1742 viribus
1046 1700 1310 1755 consiliisque
1330 1701 1414 1739 bel·
1474 1728 1477 1732 Δ

85 1758 130 1797 la
147 1773 305 1813 gerere.
335 1761 502 1799 nullum
521 1774 651 1815 genus
669 1760 915 1799 calamitatis
936 1759 1298 1813 contumeliaeque
1319 1772 1414 1797 non

56 1830 60 1841 ·
85 1815 250 1855 editum
278 1817 328 1855 in
351 1817 521 1858 Volscos
553 1817 633 1858 estz
664 1832 747 1857 nec
774 1829 920 1858 tamen
941 1817 1122 1874 perpelli
1140 1828 1337 1872 potuere,
1369 1826 1414 1855 ut

84 1874 174 1913 acie
188 1873 460 1915 dimicarent.

227 1970 333 2008 LIV.
401 1967 478 2008 *L.
518 1969 665 2008 Furius
695 1967 801 2007 inde
840 1978 880 2007 et
909 1971 954 2008 C.
985 1970 1169 2010 Manlius
1204 1967 1409 2010 consules.

82 2025 246 2065 Manlio
266 2027 465 2081 Vejentes
483 2027 705 2079 provincia
726 2027 879 2066 evenit.
909 2042 1002 2067 non
1030 2039 1175 2068 tamen
1195 2028 1407 2075 bellatum.

82 2081 281 2122 induciae
311 2085 359 2123 in
387 2098 524 2123 annos
547 2083 826 2137 quadraginta
854 2087 1095 2138 petentibus
1118 2085 1272 2135 datae,
1324 2083 1408 2124 fru-

83 2151 231 2178 mento
252 2140 542 2194 stipendioque
564 2143 781 2195 imperato.
850 2144 944 2182 Paci
967 2155 1168 2183 externae
1187 2141 1408 2182 confestim

83 2198 356 2236 continuatur
389 2198 597 2238 discordia
626 2198 752 2238 domi.
813 2202 999 2254 agrariae
1032 2203 1131 2255 legis
1171 2201 1407 2240 trib÷·²1iciis

82 2253 256 2294 stimulis
277 2256 393 2309 plebs
414 2255 590 2297 furebat.
653 2256 867 2307 Consules,
890 2259 1000 2298 nihil
1019 2259 1215 2299 Menenii
1234 2257 1405 2298 damna-

81 2311 223 2361 tione,
262 2313 371 2352 nihil
391 2315 586 2368 §periculo
617 2313 805 2354 deterriti
833 2317 1022 2365 Servilii,
1058 2316 1221 2356 summa
1240 2316 1282 2356 vi
1310 2315 1402 2356 refi-

51 2414 54 2418 4
80 2367 209 2408 stunt.
280 2372 479 2410 abeuntes
496 2371 737 2426 magistratu
758 2373 835 2412 Cn.
857 2373 1073 2414 Genucius
1093 2375 1289 2414 tribunus
1319 2374 1402 2427 ple-

59 2426 145 2478 ‘bis
174 2427 364 2483 arripuit.
433 2425 518 2481 †L.
537 2427 742 2471 Aemilius
772 2440 814 2470 et
846 2432 994 2488 Opiter
1018 2432 1234 2488 Virginius
1258 2430 1400 2471 consu·

701 2488 740 2528 H
762 2491 791 2535 3
1275 2489 1404 2529 latum
