1527 2707
118 137 1185 155 ——ss-——a———na———m--n-a—-u-ae

121 231 395 284 opinionem,
436 235 508 288 qui
538 248 637 273 eum
666 235 871 276 vexandis
897 237 1052 290 prioris
1084 237 1194 276 anni
1221 236 1463 276 consulibus

120 288 423 342 permissurum
444 292 703 331 tribunatum
733 293 976 344 credebant,
1018 293 1109 348 post
1137 295 1347 348 publicam
1368 308 1461 332 cau-

120 343 209 384 sam
227 347 392 400 privato
414 348 558 389 dolore
572 350 730 401 habim,
753 365 812 391 ne
831 354 961 392 verbo
982 351 1155 405 quidem
1175 352 1337 392 violatis
1360 365 1461 390 con·

120 401 303 453 salibus,
320 408 598 460 ,rogationem
619 409 713 448 tulit
733 408 787 448 ad
816 408 1044 464 populum,
1083 421 1129 448 ut
1150 409 1304 464 plebeji
1329 409 1459 463 magi-

119 459 270 500 stratus
291 463 457 503 tributis
479 467 654 508 comitiis
673 466 837 507 fierent.
891 467 1015 507 Haud
1034 481 1161 521 parva
1181 480 1249 506 res
1270 466 1343 504 sub
1363 467 1459 505 titu-

119 518 163 557 lo
191 520 329 572 prima
350 520 484 575 specie
505 525 685 564 minime
707 526 836 564 atroci
864 524 1101 573 ferebatur-3
1147 523 1220 563 sed
1250 535 1369 577 quae*
1387 537 1457 578 pa·

117 576 254 616 trieiis
285 592 460 618 omnem
487 581 732 635 potestatem
752 584 1068 636 perpolientium
1091 581 1288 636 suffragia
1308 578 1458 621 crean-

119 633 189 684 di,
222 649 323 688 quos
338 638 520 688 vellent,
550 641 768 687 tribunos,
798 638 994 679 auferret.
1029 640 1137 680 Huic
1158 639 1337 689 actioni,
1366 652 1476 692 gra-s

119 691 297 734 tiffimae
319 696 456 748 plebi,
500 712 596 736 cum
624 697 786 736 summa
817 699 860 738 vi
881 698 1128 741 arefifrerent
1150 699 1313 746 Patre-2823
1356 710 1456 746 nec,

64 799 68 801 Α
119 764 228 804 quae
247 765 335 790 una
362 753 423 793 vis
454 754 509 792 ad
537 754 813 795 relistendum
844 767 955 806 erat,
996 767 1041 794 ut
1069 754 1457 806 intercederet-{fiah-

118 808 209 861 quis
230 822 283 848 ex
301 811 498 864 collegio,
529 814 771 852 auctoritate
795 824 864 852 aut
882 813 1101 852 consulum
1115 824 1184 851 aut
1202 813 1452 867 principum

118 864 273 905 adduci
292 867 448 920 posset3
469 883 536 909 res
555 880 698 909 tamen
711 900 722 919 ,
752 871 823 909 [uo
843 871 930 925 ipsa
946 871 1166 910 molimine
1186 871 1335 924 gravis,
1361 883 1452 908 cer-

119 924 351 964 taminibus
372 926 421 964 in
442 941 607 965 annum
637 928 881 967 extrahitur.
949 924 1068 967 Plebs
1098 928 1356 981 Voleronem
1383 927 1456 965 tri·

116 982 284 1020 bunum
304 983 449 1022 reficit.
508 984 708 1035 *Pati-es,
750 985 805 1024 ad
833 985 1027 1024 ultimum
1059 985 1342 1024 dimicationis
1372 985 1456 1024 rati.

117 1053 214 1079 rem
243 1051 488 1091 venturam,
527 1040 609 1096 Ap.
631 1042 875 1092 Claudium,
905 1041 1036 1096 Appii
1052 1043 1209 1091 filium,
1239 1042 1324 1096 jam
1347 1041 1454 1081 inde

116 1111 145 1136 a
163 1098 356 1151 paternis
375 1101 677 1139 certaminibus
690 1100 871 1140 invisum
891 1100 1174 1153 infestumque
1192 1100 1323 1154 plebi,
1353 1113 1453 1138 con·
1502 1144 1506 1146 ,

118 1154 251 1195 sulem
272 1154 435 1195 faciunt
522 1159 688 1212 Collega
721 1159 760 1198 ei
781 1160 832 1198 T.
856 1159 1080 1209 Quinctius
1102 1157 1236 1198 datur.
1295 1157 1455 1196 Princi-

115 1212 190 1267 pio
219 1211 356 1252 statim
385 1215 493 1254 anni
524 1216 635 1255 nihil
664 1217 806 1270 prius,
846 1230 975 1269 quam
1007 1216 1060 1255 de
1090 1217 1204 1269 lege,
1241 1216 1452 1269 agebatur.

116 1269 194 1309 sed.
213 1280 259 1308 ut
278 1271 480 1311 inventor
499 1274 598 1328 legis
611 1275 790 1323 Volero,
820 1273 875 1312 fic
896 1274 1131 1322 Laetorius,
1171 1274 1329 1327 collega
1350 1273 1476 1327 ejus„

118 1338 266 1366 auctor
295 1343 392 1376 cum
424 1331 664 1380 recentior,
710 1343 799 1370 turn
833 1332 969 1370 acrior
1000 1341 1101 1370 erat.
1161 1332 1362 1369 Ferocem
1393 1328 1454 1368 fa-

117 1386 256 1425 ciebat
278 1387 379 1425 belli
397 1388 528 1440 gloria
554 1389 732 1442 ingens3
778 1388 892 1442 quod
924 1389 1066 1428 aetatis
1094 1388 1180 1442 ejus
1202 1387 1318 1427 haud
1343 1388 1452 1441 quis-

117 1457 246 1497 quam
267 1459 398 1484 manu
420 1447 625 1499 promtior
646 1458 745 1485 erat.
778 1448 839 1496 Is,
870 1461 965 1485 curn
977 1448 1129 1486 Volero
1150 1445 1284 1495 nihil,
1329 1459 1449 1500 prae-

117 1511 315 1554 terquam¹
334 1502 386 1541 de
410 1503 514 1556 lege,
544 1504 801 1557 loqueretur,
823 1504 1099 1543 insectatione
1118 1504 1336 1542 abstinens
1350 1517 1450 1541 con-

117 1558 276 1608 sulum,
311 1560 398 1614 ipse
427 1561 475 1600 in
509 1562 819 1601 accusationem
841 1561 995 1616 Appii,
1026 1560 1292 1614 familiaeque
1310 1559 1450 1614 super-

116 1615 308 1656 biffimae
329 1632 376 1655 ac
404 1618 713 1659 crudeliffimae
743 1620 791 1659 in
823 1621 993 1673 plebem
1025 1621 1289 1667 Romanam,
1332 1632 1450 1658 exor-

116 1673 186 1714 sus
201 1703 213 1723 ‚
260 1690 358 1714 cum
378 1690 401 1713 a
427 1677 613 1717 Patribus
633 1692 727 1717 non
747 1676 981 1727 consulem,
1021 1676 1094 1715 sed
1117 1676 1358 1715 carnificem
1394 1673 1450 1716 acl

116 1732 360 1772 vexandam
381 1744 421 1772 et
441 1735 715 1774 lacerandam
737 1734 904 1789 plebem
919 1766 930 1786 ,
962 1746 1149 1773 creatum
1167 1732 1250 1773 esse
1271 1745 1449 1773 conten-

115 1788 263 1840 deret3
299 1790 416 1830 rudis
436 1792 484 1831 in
505 1794 678 1833 militari.
707 1793 885 1832 homine
916 1794 1060 1846 lingua
1092 1806 1186 1831 non
1205 1791 1449 1846 suppetebat

114 1846 302 1887 libertati
333 1850 574 1901 animoque.
625 1852 779 1905 Itaque
809 1850 1030 1890 deficiente
1062 1850 1278 1898 oratione,
1303 1849 1464 1901 ·Quan-'

116 1903 321 1957 doquidem
351 1919 425 1944 non
465 1907 591 1960 flacile
630 1908 797 1962 loquor,
845 1908 1004 1962 inquit,
1054 1907 1266 1959 Quirites,
1318 1912 1446 1961 quam,

114 1960 222 2015 quocl
252 1961 532 2018 lommssum,
576 1965 756 2019 praestm
797 1965 959 2016 crastino
983 1965 1043 2003 die
1075 1964 1206 2014 adeste.
1268 1963 1352 2020 Ego
1384 1962 1447 2005 hic

113 2023 246 2059 autin
266 2023 467 2074 conspectu
494 2022 617 2072 vestro
643 2028 813 2068 moriar,
850 2036 920 2064 aut
948 2021 1148 2076 perfiram
1179 2021 1309 2078 legem.
1368 2023 1447 2062 Oc-

112 2088 274 2130 cupant
296 2079 459 2118 tribuni
481 2083 685 2135 templum
706 2081 869 2136 postero
893 2080 974 2120 die.
1027 2080 1216 2120 consules
1230 2079 1446 2120 nobilitas-

111 2149 195 2187 que
215 2133 269 2173 ad
288 2135 611 2189 impediendam
629 2141 764 2193 legem
784 2139 1056 2178 inconcione
1076 2137 1316 2177 conlistunt.
1346 2138 1446 2177 Sub-

110 2193 276 2232 moveri
297 2194 508 2234 Laetorius
529 2197 666 2250 jubet,
713 2208 1006 2251 praeterquam
1032 2197 1102 2249 qui
1119 2194 1359 2251 fuffragium
1378 2195 1446 2236 in·

111 2260 225 2289 eant.
285 2249 588 2295 Adolescentes
608 2255 773 2294 nobiles
795 2254 977 2303 stabant,
1009 2254 1121 2292 nihil
1142 2253 1340 2292 cedentes
1360 2254 1445 2293 via-

110 2307 206 2346 tori.
266 2318 356 2347 tum
394 2324 447 2349 ex
482 2311 546 2350 his
587 2312 802 2366 prehendi
830 2311 1032 2365 quosdam
1072 2312 1284 2351 Laetorius
1312 2311 1442 2364 jubet.

112 2363 270 2405 Consul
304 2364 470 2420 Appius
496 2383 675 2423 negare,
717 2371 779 2424 jus
811 2370 893 2409 esse
920 2370 1095 2408 tribuno
1124 2371 1172 2408 in
1201 2382 1445 2423 quenquam

109 2421 192 2463 nifi
211 2423 261 2463 in
285 2424 513 2480 plebejum.
544 2429 649 2468 Non
669 2429 786 2471 enim
801 2427 961 2484 populi,
978 2426 1051 2467 sed
1070 2427 1220 2482 plebis,
1241 2440 1339 2466 eum
1358 2440 1444 2464 ma·

1303 2484 1443 2540 gistra-
