1527 2707
123 134 209 185 478
357 125 389 166 L
407 123 479 165 re
497 122 534 165 E
551 122 594 163 R
630 98 712 162 lx}
770 120 882 163 cn.
911 121 1063 163 xvm.
1090 117 1204 163 mx:

438 197 488 234 U.
512 196 554 233 C.
579 196 674 242 3335.
847 206 867 230 a
905 193 949 231 C.
975 193 1027 231 N.
1051 195 1147 243 3¹7·

125 284 215 322 sum
237 278 318 319 estz
347 278 531 316 tironem
553 284 622 311 aut
640 274 749 311 m'ala
776 271 998 326 disciplina
1028 271 1257 311 institutum
1287 272 1444 311 exerciss

128 351 218 379 tum
240 342 502 388 acceperunt.
551 329 628 379 At,
652 331 854 379 Hercule,
884 342 1025 382 regeS,
1055 342 1150 368 non
1169 328 1291 369 liberi
1312 328 1449 368 solum>

128 392 447 449 impedimentis
461 385 668 438 omnibus,
682 387 754 427 [ed
767 387 932 427 domini
944 401 1087 425 rerum
1106 398 1443 441 temporumque,

129 454 305 494 trahunt
326 447 507 488 confiliis
530 458 691 496 cuncta,
722 460 817 484 non
837 444 1078 497 sequuntur.
1139 445 1324 484 Invictus
1348 456 1447 498 ergo

131 507 380 552 Alexander
395 521 487 544 cum
510 505 675 543 invictis
699 503 872 542 ducibus
894 503 997 541 bella
1018 500 1206 555 gessisset,
1236 513 1277 540 et
1297 501 1447 541 eadem

131 569 332 609 fortunae*
350 565 526 618 pignora
546 563 593 601 in
615 560 842 600 discrimen
855 558 1073 599 detulisset.
1097 559 1228 598 immo
1248 559 1374 598 etiam
1396 572 1448 598 eo

131 628 226 680 plus
239 623 416 678 periculi
428 619 606 668 subisset,
620 618 729 672 quod
743 616 995 658 Macedones
1007 631 1141 655 unum
1154 614 1455 656 Alexandr-unffi·

132 680 385 728 habuissent,
400 679 539 717 multis
559 676 712 715 casibus
724 691 815 715 non
827 676 955 714 solum
967 675 1213 724 obnoxium,
1232 673 1302 713 sed
1323 674 1454 713 etiam>

134 740 388 781 offerentem
411 736 474 774 se:
503 735 706 774 Romanis
726 734 845 772 multi
863 730 1058 781 fuissent,
1083 731 1352 782 Alexandro,
1382 732 1453 772 vei
1493 720 1496 726 ¹

134 798 288 853 gloria,
317 796 382 835 vel
403 808 545 832 rerum
566 792 870 846 magnitudine,
890 802 1036 844 pares;
1065 804 1239 843 quorum
1254 788 1325 829 suo
1344 790 1452 844 quis·

135 869 217 911 que
233 853 342 902 fato,
363 852 451 891 fine
471 851 637 905 publico
659 849 922 898 discrimine,
943 848 1102 888 viveret
1120 858 1459 901 morereturque.-

271 969 377 1008 XIX.
436 963 601 1014 Restat,
650 974 696 1003 ut
720 963 867 1018 copiae
891 965 1019 1019 copiis
1049 974 1346 1019 comparentur
1384 963 1453 1003 vel

137 1035 344 1075 numero,
387 1026 452 1065 vel
473 1024 652 1062 militum
684 1036 861 1076 genere,
902 1024 965 1062 vel
989 1021 1257 1062 multitudine
1285 1021 1460 1060 auxilio->-

138 1101 247 1126 rum.
286 1080 574 1123 censebantur
597 1082 682 1134 ejus
702 1080 843 1118 aetatis
860 1079 997 1120 lustris
1016 1080 1182 1119 ducena
1202 1080 1453 1133 quinquage-
1492 1078 1494 1080 ’

138 1158 198 1184 na
218 1141 350 1181 millia
372 1141 564 1193 capitum.
594 1140 758 1191 Itaque,
777 1136 835 1175 ‘in
856 1139 976 1177 omni
994 1137 1233 1177 defectione
1252 1135 1455 1175 sociorum

141 1201 281 1242 Latini
302 1199 505 1246 nominis,
535 1199 699 1235 urbano
718 1209 848 1249 prope
869 1195 1032 1234 delectu
1054 1195 1200 1234 decem
1220 1194 1456 1233 scribeban-

140 1269 209 1298 tur
230 1259 426 1310 legiones.
467 1255 662 1307 quaterni
683 1253 885 1306 quinique
910 1254 1113 1292 exercitus
1142 1252 1263 1306 saepe
1286 1265 1364 1306 per
1387 1250 1458 1290 eos

78 1349 81 1351 .
141 1329 278 1356 annos
298 1315 345 1352 in
370 1313 547 1360 Etruria,
569 1312 617 1350 in
640 1311 842 1358 Umbria,
875 1311 1008 1349 Gallis
1031 1310 1214 1349 hostibus
1236 1309 1456 1362 adjunctis,

142 1376 192 1414 in
215 1372 384 1412 Samnio
398 1398 409 1418 ,
433 1371 479 1408 in
502 1370 678 1408 Lucanis
698 1369 899 1421 gerebant
922 1369 1090 1407 bellum.
1120 1368 1281 1423 Latium
1299 1365 1460 1406 deinde

143 1445 273 1471 omne
296 1444 388 1468 cum
412 1427 574 1467 Sabinis
587 1456 599 1475 ,
621 1437 660 1465 et
681 1425 835 1465 Volscis
848 1455 858 1475 ,
879 1436 918 1464 et
937 1425 1091 1479 Aequis
1104 1455 1115 1476 ,
1138 1428 1179 1464 et
1204 1425 1322 1464 omni
1341 1424 1459 1464 Ca'm-

143 1487 293 1544 pania,
329 1497 367 1525 et
389 1496 506 1539 parte
531 1484 730 1523 Umbriae
745 1483 1040 1536 Etruriaeque,
1071 1494 1110 1521 et
1131 1483 1389 1532 Picentibus,
1419 1481 1462 1521 e‘t

145 1546 311 1593 Marfis,
345 1543 629 1596 Pelignisque,
656 1555 703 1579 ac
723 1540 902 1588 Vestinis
925 1540 1089 1593 atqueA
1097 1540 1216 1593 pulis,
1247 1539 1461 1593 adjuncta-

145 1618 226 1657 que
249 1602 366 1641 omni
384 1614 456 1639 ora
477 1601 737 1645 Graecorum
755 1596 885 1637 inferi
906 1599 1032 1637 maris
1055 1613 1079 1636 a
1095 1598 1266 1636 Thuriis
1296 1597 1461 1651 Neapo-

145 1662 221 1701 lim
246 1670 285 1698 et
305 1661 454 1698 Cumas
467 1687 478 1706 ,
508 1668 548 1695 et
565 1656 668 1695 inde
678 1655 808 1695 Antio
830 1666 951 1708 atque
963 1655 1084 1694 Ostiis
1105 1665 1226 1693 tenus
1239 1655 1472 1704 Samnites,

147 1729 219 1759 aut
238 1717 363 1756 socios
384 1713 541 1754 validos
564 1714 787 1762 Romanis,
836 1723 906 1751 aut
927 1712 1079 1763 fractos
1104 1712 1213 1751 bello
1232 1710 1464 1752 invenisset

101 1814 111 1822 f
146 1775 297 1817 hostes.
325 1773 414 1827 Ipse
434 1770 654 1825 trajecisset
673 1785 788 1809 mare
808 1784 901 1808 cum
923 1770 1133 1809 veteranis
1147 1768 1468 1818 Macedonibus,

148 1847 253 1879 non,
263 1833 355 1886 plus
377 1830 546 1884 triginta
567 1829 748 1868 millibus
768 1828 991 1866 hominum
1013 1838 1053 1866 et
1073 1837 1251 1880 quatuor
1277 1820 1472 1865 {niuibus
1515 1865 1517 1868 ,

150 1891 359 1944 equitum,
393 1887 575 1926 maxime
595 1885 901 1927 Thessalorum.
932 1885 1013 1923 hoc
1034 1885 1152 1923 enim
1171 1884 1333 1923 roboris
1360 1877 1468 1923 erat:-¹

149 1947 302 1996 Persas,
328 1945 467 1994 Indos,
489 1945 670 1996 aliasque
689 1943 718 1982 fi
739 1941 990 1997 adjunxisset
1009 1953 1168 1995 gentes,
1185 1941 1474 1996 impedimen-'

151 2016 240 2046 tum
260 2005 403 2057 majus,
435 2017 558 2056 quam
579 2002 792 2049 auxilium,
825 2000 1024 2039 traheret.
1082 1998 1230 2047 Adde,
1258 1998 1370 2052 quod
1383 2000 1466 2038 Ro-

151 2062 288 2102 manis
311 2060 363 2100 ad
384 2074 557 2098 manum
570 2057 686 2098 domi
704 2058 1039 2112 supplementum
1060 2056 1179 2095 esset:
1202 2055 1465 2104 Alexandro,

145 2122 171 2170 ’(
182 2119 294 2174 quod
314 2117 453 2173 postea
475 2117 705 2156 Hannibali
724 2115 892 2163 accidit)
924 2115 1064 2153 alieno
1088 2115 1137 2153 in
1158 2115 1254 2167 ag'ro
1276 2113 1482 2163 bellantis

154 2177 358 2218 exereitus
378 2173 668 2214 consenuisset.
726 2173 856 2212 Arma
870 2202 881 2221 ,
903 2173 1073 2225 clypeus
1096 2170 1342 2225 sarissaeque
1362 2171 1443 2210 illis
1455 2174 1482 2222 33

153 2236 351 2275 Romano
368 2232 525 2271 scutum
538 2261 549 2281 ,
576 2231 709 2283 majus
730 2230 895 2284 corpori
917 2239 1230 2283 tegumentum,
1260 2239 1300 2268 et
1319 2229 1481 2283 pilum,v

152 2290 268 2332 haud
291 2291 437 2345 paulo,
471 2304 592 2343 quam
612 2287 740 2337 hasta,
769 2286 1062 2327 vehementius
1083 2286 1168 2325 ictu
1189 2285 1398 2339 missuque
1411 2292 1479 2324 te-'·
1522 2297 1523 2302 ¹

153 2350 254 2389 lum.
314 2349 510 2388 statarius
534 2358 706 2400 uterque
727 2346 869 2394 miles,
901 2344 1072 2383 ordines
1088 2343 1279 2383 servans:
1311 2340 1485 2383 sedin&

152 2407 344 2461 phalanx
363 2406 490 2444 immo
499 2405 612 2454 bilis,
642 2415 681 2442 et
702 2404 824 2441 unius
845 2403 1034 2455 generis:
1064 2403 1262 2440 Roma-na
1283 2396 1390 2440 acie's
1410 2395 1485 2440 'di-⁹*

152 2464 358 2514 stinctior,
378 2477 433 2504 ex
451 2462 641 2518 pluribus
661 2462 847 2516 partibus
867 2459 1081 2500 constans:
1109 2458 1244 2500 facilis
1253 2457 1488 2514 part-lenti?-

1375 2520 1489 2571 quast

1521 2521 1525 2637 l
