1527 2707
362 128 639 185 LleE‘R
695 144 744 183 x.
826 145 935 183 em.
977 143 1064 180 xx.
1255 110 1383 186 '533

7 265 8 277 1
51 262 1379 281 μ--ι--ὴ--ῥ-α--η--ῳ-ῌ--ὼ-

52 291 131 350 per
147 294 347 337 Vescinos
375 296 424 341 111
448 296 724 348 Campaniam
747 294 1060 344 Falernumque
1089 304 1233 344 agrum
1263 301 1378 327 tran-

51 351 284 402 scendunt,
320 353 599 417 ingentesque
636 349 814 405 praedas
847 349 1022 391 faciunt.
1084 347 1375 395 Volumnium,

48 410 215 464 magnis
235 411 458 451 itineribus
479 410 527 449 in
548 410 766 452 Samnium
791 408 1042 447 redeuntem
1056 436 1068 456 ,
1110 405 1223 458 (jam
1257 405 1376 443 enim

51 468 179 507 Fabio
198 467 415 521 Decioque
437 468 649 522 prorogati
671 467 842 520 imperii
868 467 962 505 finis
987 463 1159 511 aderat)
1190 462 1302 500 fama
1323 461 1378 501 de

49 525 301 566 Samnitium
325 527 508 564 exercitu
530 525 956 590 populationibusque
978 521 1184 575 Campani
1206 521 1292 574 agri
1322 519 1376 558 ad

50 584 231 623 tuendos
262 582 390 623 socios
411 583 632 627 convertit
695 583 784 621 Ut
774 597 823 625 111
847 581 1052 621 Calenum
1076 594 1219 633 agrum
1242 577 1374 626 venit,

51 651 93 680 et
112 639 201 695 ipse
220 641 358 680 cernit
376 641 564 686 recentia
590 638 718 679 cladis
742 640 921 696 vestigia,
950 650 990 677 et
1011 612 1159 677 (3310ῠηί
1181 645 1376 683 narrant,

47 709 215 737 tantum
225 699 310 754 jam
322 698 504 752 praedae
517 697 650 736 hostes
662 672 864 747 trahere,²³
856 708 901 736 ut
912 698 983 744 vix
995 695 1183 749 expliear
1186 708 1208 733 e
1221 705 1377 746 agmen

7 749 9 780 3
48 755 228 812 possint:
259 757 399 809 itaque
420 770 502 808 jam
516 756 736 809 propalam
754 755 880 794 duces
900 755 1027 808 loqui,
1052 753 1262 820 extemplo
1275 763 1377 789 eun-

8 832 9 837 *
48 810 182 853 dum
172 828 220 853 m
242 814 460 861 Samnium
482 812 587 862 esse,
614 824 670 862 ut,
699 813 844 852 relicta
860 813 920 852 ibi
939 811 1145 867 praeda,
1134 824 1184 850 111
1205 797 1376 863 expedi-

34 863 215 914 ‘tionem
237 871 440 921 redeant,
471 885 554 918 nec
573 881 657 914 tam
688 885 796 911 onai
799 882 912 913 atum
935 884 1090 925 agmen
1110 866 1374 908 dimicationi

49 925 330 975 committant.
391 929 476 978 Ea,
514 943 756 983 quanquam
785 928 933 968 similia
958 929 1069 969 veris
1101 942 1147 966 er
1150 936 1247 975 ant,
1287 938 1375 963 cet-

50 987 131 1028 tius
154 998 298 1028 tamen
319 985 581 1041 exploranda
602 997 733 1039 ratus²
762 985 936 1034 dimittit
956 986 1128 1040 equites,
1160 985 1231 1038 qui
1251 995 1375 1036 vagos

49 1044 320 1099 praedatores
349 1047 398 1084 in
429 1059 546 1100 agros
569 1045 761 1099 palantes
784 1045 1019 1098 excipiant:
1062 1057 1114 1083 ex
1137 1043 1286 1095 quibus
1309 1041 1374 1078 in-

49 1102 260 1156 q·1irend0
294 1102 526 1169 cognoscit,
561 1101 616 1142 ad
644 1104 906 1150 Vulturnum
935 1102 1098 1142 flumen
1119 1099 1273 1140 sedere
1302 1097 1375 1137 ho-

48 1159 176 1201 stem:
215 1159 320 1203 inde
360 1162 481 1204 tertia
511 1160 650 1213 vigilia
679 1172 917 1206 moturum:
958 1161 1040 1199 iter
1080 1160 1127 1198 in
1156 1156 1376 1198 Samnium

48 1218 164 1262 esse„
207 1219 282 1258 His
305 1218 400 1257 satis
425 1218 649 1273 exploratis
671 1217 904 1272 profectus,
935 1229 1053 1256 tanto
1074 1216 1299 1259 intervallo
1321 1215 1372 1252 ab

9 1277 10 1282 ’
45 1275 230 1342 hostibus
261 1275 471 1325 consedit,
513 1286 558 1314 ut
586 1290 677 1320 1100,
701 1275 905 1317 adventus
920 1275 1027 1315 ‘suus
1059 1273 1373 1329 propinquitate

46 1333 183 1379 nimia
204 1333 321 1381 nosci
339 1333 494 1387 posset,
528 1343 570 1373 et
592 1333 882 1387 egredientem
903 1348 926 1373 e
946 1333 1086 1373 castris
1118 1331 1279 1371 hostem
1301 1344 1373 1383 op-

44 1392 262 1446 primeret.
301 1390 532 1444 Aliquanto
553 1402 653 1431 ante
672 1393 810 1430 lucem
831 1391 885 1431 ad
907 1391 1038 1431 castra
1059 1389 1245 1438 acees11t3
1273 1401 1373 1442 gna-

10 1466 11 1470 *
45 1463 199 1504 rosque
224 1448 354 1492 Oscae
381 1450 573 1502 linguae,
615 1450 876 1502 exploratum
906 1448 1007 1502 quid
1036 1460 1199 1502 agatur,
1230 1445 1372 1494 mittit,

10 1531 11 1537 1
47 1507 290 1553 Intermixti
307 1506 494 1552 hostibus
523 1506 666 1560 (quod
692 1506 815 1551 facile
836 1519 925 1546 erat
945 1508 993 1545 in
1016 1517 1227 1553 necturna
1248 1503 1372 1556 trepi-

10 1586 11 1619 3
44 1563 240 1614 datione)
259 1562 537 1618 cognoscunt,
562 1563 855 1619 infrequentia
876 1565 1042 1607 armatis
1065 1563 1103 1601 fi
1095 1578 1178 1617 gna
1198 1560 1370 1617 eoressa,

10 1638 12 1646 ¹
43 1622 248 1677 praedam
269 1621 534 1676 praedaeque
552 1621 738 1666 custodes
761 1623 891 1671 exire,
925 1623 1138 1676 ignobile
1132 1635 1299 1675 agmen,
1329 1630 1371 1659 et
1396 1627 1398 1629 '

9 1680 11 1684 ’
44 1680 117 1720 sua
137 1694 345 1733 quemque
366 1680 629 1728 molientem,
653 1681 801 1719 nullo‘
791 1692 905 1719 mter
926 1681 1027 1720 alios
1044 1678 1263 1728 consensu,
1287 1692 1371 1717 nec

10 1750 12 1755 ‘
42 1738 140 1777 satis
161 1748 274 1791 certq
295 1738 491 1803 impello.
538 1739 723 1791 Tempus
745 1736 1019 1792 aggrediendi
1040 1736 1291 1791 aptissimum
1312 1737 1371 1777 vi·
1393 1753 1395 1756 ⁴

11 1819 12 1822 =
42 1795 134 1839 sum
157 1794 235 1841 est:
269 1806 310 1838 et
329 1796 413 1849 jam
432 1795 507 1839 lux
525 1797 758 1849 appetebat.
781 1797 918 1848 itaque
936 1795 1049 1848 ligna
1069 1809 1220 1833 canere
1238 1792 1371 1849 jusfit3

44 1866 281 1907 agmenque
301 1852 483 1899 hostium
507 1852 756 1907 aggreditur.
798 1854 1031 1901 Samnites,
1059 1852 1248 1906 praeda'
1237 1866 1370 1906 impe-

44 1910 136 1960 diti,
165 1909 460 1967 iustequentes
482 1911 644 1960 armati,
675 1924 773 1964 pars
797 1910 953 1949 addere
975 1910 1164 1964 gradum,
1196 1924 1245 1949 ac
1265 1923 1370 1967 prae

11 1976 13 2009 ἱ
43 1968 99 2007 se
108 1981 230 2023 agere
251 1967 475 2034 praedam,
514 1981 612 2022 pars
635 1967 763 2018 stare,
803 1968 957 2009 incerti
986 1979 1126 2007 utrum
1153 1966 1367 2024 prorsredi,

44 2040 102 2065 an
120 2025 318 2080 regredi
308 2040 358 2065 111
381 2025 511 2065 castra
531 2026 656 2065 tutius
674 2024 799 2074 foret,
824 2028 939 2065 inter
961 2026 1276 2066 cunctationem
1296 2040 1368 2080 op-

12 2103 13 2138 1
42 2084 298 2138 primuntur.
332 2094 372 2123 et
390 2083 609 2123 Romani
598 2098 681 2135 jam
705 2056 1061 2124 trariscenderant
1084 2084 1257 2133 vallum,
1277 2098 1367 2122 cae-

12 2141 203 2194 desque
233 2155 281 2180 ac
304 2142 503 2181 tumultus
525 2153 615 2180 erat
638 2142 687 2180 in
707 2141 862 2180 castris.
922 2142 1029 2182 Sam
1023 2142 1172 2182 titium
1196 2155 1366 2197 agmen,

41 2209 338 2252 praeterquam
355 2198 493 2238 hostili
514 2199 704 2248 tumultu,
726 2200 986 2266 captivorum
1000 2201 1126 2238 etiam
1139 2214 1220 2254 rep
1218 2199 1370 2238 emina

12 2255 281 2295 desectione
305 2260 517 2296 turbatum
540 2267 648 2304 εἵᾶῑς
683 2258 754 2310 qui
776 2257 928 2312 partim
956 2258 1032 2310 ipfi
1059 2256 1182 2302 soluti
1202 2259 1242 2297 vi
1246 2266 1368 2295 notos

13 2315 14 2336 ¹
42 2313 280 2354 solvebant:
317 2315 472 2368 partim
503 2327 619 2359 arma
647 2314 695 2353 in
725 2313 902 2363 sarcinis
923 2314 1100 2367 deligata
1126 2315 1365 2369 rapiebant,

13 2373 370 2425 tumultumque,
427 2372 588 2425 proelio
622 2370 711 2424 ipso
740 2372 1066 2423 terribiliorem,
1124 2371 1367 2411 intermixti

13 2446 15 2467 ;
41 2431 211 2485 agmine
230 2430 504 2483 praebebant.
536 2428 865 2470 Memorandum
889 2429 1047 2470 deinde
1065 2428 1246 2473 edidere
1264 2428 1365 2467 saei-

14 2482 15 2526 l
40 2502 145 2532 nus:
175 2501 284 2539 nam:
296 2487 458 2542 Stajum
476 2486 709 2528 Minacium
736 2486 923 2538 ducem,
939 2486 1178 2544 adeuntem
1193 2486 1367 2527 ordines

651 2545 715 2586 Ll
743 2546 771 2588 3
1271 2543 1366 2582 hor-
