1527 2707
248 81 291 120 ι·
312 82 333 120 1
353 74 443 120 BE
463 81 503 119 R
554 79 608 117 11.
638 53 785 118 “em
817 78 1004 118 XLv111.
1032 53 1182 118 xiix„
1240 114 1244 117 ,
1320 81 1404 124 113

338 149 427 188 w.
448 151 491 188 e.
518 151 614 196 276.
791 163 825 185 a.
852 149 894 186 c.
920 149 969 186 N,
994 150 1092 198 475.
1126 135 1131 143 '
1451 148 1456 152 ·

64 235 149 278 tes,
178 219 400 278 steterant}
442 228 613 267 domum
633 226 771 265 rediit.
838 226 939 265 Jussi
967 227 1117 265 armati
1138 226 1302 280 postero
1330 224 1403 267 die

63 285 119 337 at}
138 285 274 325 limen
291 286 470 326 consulis
489 284 650 334 adesse,
682 283 829 323 domos
850 283 954 323 inde
977 282 1212 323 discedunt.
1252 292 1258 301 ²
1288 289 1290 291 ’

178 401 318 440 XLIX.
377 401 524 440 Manat
542 409 624 439 tota
644 401 749 439 urbe
767 412 935 439 rumor:
970 399 1117 438 Fabios
1149 397 1201 437 ad
1233 398 1399 438 coelum

61 457 255 498 laudibus
279 458 437 499 ferunt.
494 458 714 497 Familiam
742 455 1045 496 unam‘subisse
1069 457 1243 495 civitatis
1266 466 1400 504 onus3

63 517 219 570 Vejens
241 517 400 554 bellum
418 516 466 553 in
486 515 694 568 privatam
716 529 883 564 curam,
914 514 963 551 in
983 513 1147 566 privata
1168 515 1286 551 arma
1306 527 1400 561 ver-

62 573 166 612 sum.
227 574 269 613 Si
289 572 370 611 smt
395 571 500 610 duae
519 573 683 611 roboris
705 571 892 625 ejusdem
919 570 966 608 in
990 572 1093 609 urbe
1113 580 1288 623 gente83
1327 569 1400 609 de·

62 631 262 685 poscant,
297 630 401 668 haec
420 627 587 669 Volscos
607 628 704 678 fibi,
748 630 821 668 illa
851 627 1042 680 Aequos}
1072 628 1226 681 populo
1245 628 1398 681 Roma·

63 702 124 727 no
154 688 427 740 tranquillam
456 700 603 740 pacem
636 697 811 740 agente,
856 698 1005 725 omnes
1035 684 1238 724 finitimos
1266 683 1401 739 subigi

62 745 240 802 populos
269 743 396 797 posse.
422 759 425 760 ⁷
467 744 585 782 Fabii
622 743 785 798 postero
816 743 885 782 die
915 756 1033 781 arma
1061 742 1257 797 capiunt:
1316 757 1402 796 quo

63 801 154 857 jussi
175 811 321 848 erant,
353 801 631 840 conveniunt.
703 800 882 850 Consul,¹
914 798 1134 854 paludatus
1157 799 1399 854 egrediens,

63 861 114 899 in
130 857 332 899 vestibulo
361 869 531 911 gentem
565 872 736 897 omnem
769 858 884 896 suam
912 857 1117 897 instructo
1149 858 1319 910 agmine
1341 858 1401 898 vi·

52 916 148 956 det.
171 917 383 968 'acceptus
403 916 451 954 in
473 915 660 954 medium
674 945 684 964 ,
717 915 833 969 signa
855 914 957 954 ferri
980 915 1111 968 jubet.⁴
1167 916 1402 969 Nunquam

64 974 272 1014 exercitus
301 986 445 1026 neque
465 973 610 1011 minor
630 987 837 1023 numero,
868 986 1008 1025 neque
1038 973 1191 1012 clarior
1219 972 1336 1012 fama'
1359 984 1404 1013 et

63 1030 349 1070 admiratione
369 1030 592 1068 hominum
607 1060 618 1079 ‚
649 1045 726 1084 per
746 1032 896 1070 urbem
921 1028 1095 1069 incessit.
1152 1031 1234 1069 Sex
1255 1042 1295 1070 et
1320 1042 1403 1071 tre-

62 1089 179 1128 centi
202 1088 353 1126 milites
367 1117 378 1136 ,
406 1100 555 1126 omnes
576 1089 763 1141 patricii,
802 1100 949 1127 omnes
970 1087 1095 1126 unius
1115 1088 1252 1140 gentis
1261 1118 1276 1143 ,³
1304 1103 1404 1142 quo-

63 1161 161 1186 rum
193 1146 417 1184 nerninem
457 1144 609 1183 ducem
656 1144 877 1198 sperneret
914 1145 1102 1197 egregius
1144 1144 1404 1198 quibuslibet

63 1203 324 1257 temporibus
354 1202 538 1251 senatus,
586 1203 729 1251 ibant,
779 1203 906 1240 unius
930 1200 1118 1241 familiae
1134 1199 1403 1245 'viribus3Ve-

61 1262 172 1316 jenti
191 1261 345 1314 populo
366 1258 526 1312 pestem
541 1260 801 1298 minitantes.
865 1260 1125 1312 Sequebatur
1144 1262 1278 1310 turba,
1306 1276 1405 1315 pro·

62 1319 159 1373 pria.
181 1318 260 1355 alia
280 1326 552 1370 cognatorum
578 1315 864 1369 sodaliumque
878 1347 888 1366 ‚
930 1317 1040 1356 nihil
1065 1316 1252 1356 medium
1266 1348 1277 1368 ,
1318 1333 1406 1359 nee

63 1375 205 1429 spem,
234 1388 319 1412 nee
337 1388 502 1423 curam,
537 1374 609 1412 sed
629 1375 836 1413 immensa
858 1376 1005 1414 omnia
1026 1371 1290 1415 velventium
1313 1377 1406 1421 ani-

64 1444 161 1482 m0;
199 1433 281 1470 alia
312 1432 481 1485 publica
513 1431 796 1471 sollicitudine
833 1433 1034 1482 excitata,
1085 1430 1232 1484 fayore
1265 1437 1306 1474 et
1331 1433 1405 1473 ad-

64 1491 293 1531 miratione
315 1489 509 1542 stupens;
539 1492 599 1528 ire
614 1489 772 1541 fortes,
803 1491 864 1528 ire
873 1489 1014 1541 filices
1035 1488 1208 1543 jubent,
1235 1493 1406 1545 inceptis

65 1560 225 1588 eventus
245 1560 361 1601 pares
381 1544 548 1585 reddere
561 1561 573 1583 .·
598 1545 814 1600 consulatus
840 1546 930 1586 inde
952 1561 994 1587 ac
1012 1540 1239 1602 triuniybhos
1252 1579 1262 1599 ‚
1282 1552 1408 1589 omnia

13 1627 16 1629 Δ
64 1607 239 1661 praemia
268 1602 391 1658 absc,
447 1617 572 1642 omnes
600 1603 763 1644 honores
785 1604 967 1658 sperare.
1035 1606 1408 1648 praetereuntibus

63 1663 320 1716 Capitolium
340 1675 561 1715 arcemque
586 1672 626 1700 et
649 1662 730 1700 alia
756 1663 937 1716 templa,
976 1661 1408 1716 quidquid'Deorum

24 1761 25 1764 ,
66 1721 224 1769 oculis,
267 1718 472 1772 quidquid
507 1719 651 1758 animo
685 1721 890 1769 occurrit,
927 1730 1180 1773 precantur,
1223 1733 1268 1760 ut
1296 1721 1409 1762 illud

65 1791 222 1833 agmen
245 1775 568 1830 faustumatque
593 1775 697 1816 felix
717 1777 900 1826 mittant,
931 1777 1100 1832 sospites
1125 1780 1244 1819 brevi
1263 1780 1313 1819 in
1334 1793 1408 1833 pa-

66 1837 192 1874 triam
214 1834 267 1872 ad
285 1845 488 1887 parentes
515 1833 747 1873 restituant.
818 1835 1031 1874 Incassum
1061 1835 1208 1876 missae
1240 1851 1406 1891 preces.

67 1891 237 1932 lnfelici
257 1888 322 1930 via
342 1891 492 1930 dextro
513 1892 622 1931 Jano
645 1902 790 1945 portae
812 1893 1092 1932 Carmentalis
1113 1893 1320 1947 profecti,
1350 1894 1408 1936 ad

64 1951 313 1990 Cremeram
334 1949 494 1988 flumen
516 1951 790 2003 perveniunt.
849 1951 884 1990 is
915 1960 1179 2005 opportunus
1207 1951 1315 1992 visus
1346 1954 1412 1992 lo-

69 2021 141 2047 cus
164 2005 497 2046 communiendo
527 2006 746 2060 praesidio.
802 2008 879 2048 *L
913 2007 1121 2048 Aemilius
1153 2009 1259 2049 inde
1289 2021 1330 2050 et
1359 2011 1414 2053 C.

67 2065 267 2106 Servilius
287 2063 477 2104 consules
500 2063 612 2104 facti.
667 2075 731 2114 et,
773 2063 912 2105 donec
937 2066 1048 2105 nihil
1075 2066 1191 2106 aliud
1212 2081 1341 2121 quam
1357 2069 1415 2112 in,

68 2122 414 2177 populationibus
436 2136 507 2162 res«
522 2120 626 2172 fuit,
657 2136 752 2161 non
771 2122 825 2161 ad
844 2123 1098 2178 praesidium
1120 2123 1249 2163 modo
1269 2137 1414 2169 tutan.

69 2179 173 2219 dum
185 2179 302 2218 Fabii
316 2179 410 2221 satis
435 2186 580 2229 erant,
602 2178 675 2218 sed
697 2189 781 2218 tota
803 2182 1108 2235 regionesque
1128 2181 1289 2225 Tuscus
1312 2201 1414 2241 ager

68 2238 268 2278 Romano
293 2236 476 2289 adjacet,
515 2236 585 2275 sua
603 2248 691 2276 tuta
711 2239 880 2288 omnia,
920 2239 1076 2279 infesta
1095 2239 1276 2281 hostium
1291 2274 1303 2294 ,
1342 2259 1414 2286 va.

67 2305 212 2349 gantes
234 2307 310 2347 per
330 2305 550 2348 utrumque
572 2295 726 2345 finem,
762 2294 917 2336 facere.
977 2299 1259 2339 Intervallum
1286 2302 1412 2342 dein-

70 2352 125 2409 de
146 2351 261 2390 haud
282 2365 485 2405 magnum
502 2352 850 2406 'populationibus
871 2353 972 2394 fuit:
1005 2355 1108 2394 dum
1130 2367 1172 2395 et
1192 2358 1411 2412 Vejentes,

66 2411 200 2450 =accito
230 2423 283 2448 ex
299 2408 470 2449 Etruria
496 2410 708 2466 exercitu,
751 2410 1009 2467 praesidium
1028 2415 1257 2459 Cremerae
1277 2433 1412 2472 oppu-

25 2489 28 2495 ·
88 2522 93 2523 ⁷
123 2466 181 2530 ⁴Z}
210 2466 322 2524 bivii
352 2466 468 2531 'Tvmg
497 2466 533 2529 ,13
824 2469 866 2529 ῌ
1249 2487 1414 2538 guam:
