1527 2707
148 78 205 122 30
323 77 355 114 L
383 76 403 115 Ι
434 74 466 112 Β
497 74 539 114 E
564 75 606 113 R
661 75 694 114 1.
783 76 895 112 Car.
935 74 1082 115 XXVI.
1122 75 1292 118 XXVII⁴

459 146 507 183 U.
533 146 576 183 C.
602 150 668 191 85.
872 158 906 181 a.
931 145 972 182 C.
999 145 1052 184 N.
1080 146 1175 195 667.
1223 137 1255 142 m

148 199 947 213 .....-—-----—---—---—-

151 228 365 282 pulcrum,
426 239 508 279 quo
547 224 640 264 loco
689 235 904 264 corruerat
937 225 1040 276 icta,
1100 225 1384 267 constructum
1415 226 1479 268 est

150 284 248 325 saxo
286 281 500 339 quadrato.

263 401 430 440 XXVII.
471 399 563 440 Neo
585 398 656 446 diu
675 411 760 453 pax
778 398 946 440 Albana
966 400 1129 440 mansit.
1168 400 1331 442 invidia
1349 401 1479 456 vfflgi,

152 458 264 513 quod
294 459 424 497 tribus
458 458 657 496 militibus
686 455 856 497 fortuna
884 461 1050 513 publiea
1089 458 1306 503 commissa
1334 457 1477 508 fuerit,

151 531 310 557 vanum
332 516 553 569 ingenium
573 514 786 554 dictatoris
808 518 1016 571 corrupit3
1051 528 1103 565 et,
1137 517 1338 570 quoniam
1359 526 1476 556 recta

152 573 324 614 confina
343 572 456 611 haud
476 574 585 611 bene
606 584 862 623 evenerant,
890 575 1028 628 pravis
1048 575 1325 613 reconciliare
1346 586 1477 627 popu-

151 632 304 671 larium
327 631 491 669 animos
515 630 661 683 coepit.
722 631 869 683 Igitur,
903 643 946 670 ut
968 633 1083 686 prius
1105 633 1154 670 in
1183 632 1291 675 bello
1311 642 1475 685 pacem,

151 689 207 729 sic
229 690 277 728 in
298 701 401 742 pace
424 688 582 725 bellum
608 700 838 740 quaerens,
877 689 974 742 quia
1000 689 1094 728 suae
1126 689 1282 729 civitati
1311 688 1477 728 animo-

151 759 247 786 rum
276 748 392 800 plus,
423 758 548 798 quam
572 745 747 793 virium,
778 748 980 785 cernebat
1008 746 1112 796 esse,
1148 746 1204 785 ad.
1227 747 1381 785 bellum
1403 759 1477 799 pa-

149 806 234 845 lam
267 815 388 856 atque
418 817 471 841 ex
501 801 636 841 edicto
665 802 900 856 gerendam
933 803 1031 843 alios
1059 805 1243 845 concitat
1274 803 1477 858 populum.

151 861 230 903 suis
255 874 332 916 per
354 859 532 913 speciem
559 853 1074 914 societatis-proditionem
1099 860 1295 900 reservat.
1355 858 1477 911 Fide-5

149 931 291 968 nates,
333 918 500 957 colonia
529 918 747 968 Romana,
793 917 1036 972 Vejentibus
1067 918 1186 958 sociis
1224 916 1386 957 consilii
1413 930 1477 963 a&

149 977 314 1026 sumtis,
343 986 463 1029 pacto
492 973 748 1013 tranfitionis
768 974 1054 1024 Albanorum,
1085 976 1138 1014 ad
1163 977 1320 1014 bellum
1349 985 1478 1028 atque

152 1049 270 1075 arma
291 1034 536 1074 incitantur.
596 1034 699 1071 Cum
721 1031 905 1071 Fidenae
937 1045 1079 1086 aperte
1102 1032 1344 1082 descissent,
1374 1032 1475 1071 Tul-

150 1094 236 1143 lus,
278 1093 408 1131 Metto
437 1091 702 1142 exercituque
729 1090 815 1143 ejus
844 1092 895 1132 ab
914 1089 1024 1129 Alba
1046 1091 1198 1140 accito,
1229 1100 1380 1129 contra
1401 1089 1477 1129 ho-

150 1151 228 1192 stes
250 1149 376 1190 ducit.
440 1148 523 1187 Ubi
543 1146 759 1186 Anienem
781 1147 963 1196 transiit,
994 1148 1048 1186 ad
1067 1148 1327 1187 confluentes
1348 1147 1476 1186 collo-

151 1219 216 1249 cat
233 1207 375 1247 castra.
437 1206 556 1244 Inter
584 1218 676 1244 eum
706 1205 845 1244 locum
869 1217 909 1245 et
929 1205 1109 1245 Fidenas
1131 1205 1374 1258 Veientium
1405 1216 1477 1244 ex·

151 1267 302 1308 erc-itus
322 1264 515 1304 Tiberim
543 1262 773 1301 transierat.
835 1264 892 1303 Hi
912 1274 952 1302 et
970 1264 1021 1302 in
1044 1264 1130 1302 acie
1150 1277 1283 1316 prope
1314 1262 1478 1301 flumen.

150 1335 326 1364 tenuere
366 1321 561 1360 dextrum
590 1335 744 1359 cornu:
778 1321 827 1360 in
856 1320 1020 1360 finistro
1050 1320 1271 1359 Fidenates
1301 1314 1493 1374 propius

148 1392 315 1422 montes
348 1378 588 1418 consistunt.
651 1379 798 1418 Tullus
835 1378 1028 1418 adversus
1062 1379 1285 1430 Vejentem
1313 1375 1479 1416 hostem

150 1440 291 1494 dirigit
311 1437 424 1476 suos:
459 1434 647 1475 Albanos
668 1447 817 1474 contra
834 1437 1045 1490 legionem
1067 1435 1335 1474 Fidenatium
1352 1434 1478 1474 collo-

151 1507 226 1537 cat.
284 1494 454 1535 Albano
476 1507 570 1532 non
591 1494 684 1547 plus
706 1494 840 1533 animi
859 1505 967 1543 erat,
1001 1508 1125 1547 quam
1145 1492 1256 1532 fidei.
1286 1505 1369 1530 nec
1387 1489 1478 1531 ma?-

150 1568 257 1596 nere
279 1567 398 1607 ergo,
431 1564 514 1590 nec
533 1550 708 1590 transire
732 1563 875 1605 aperte
896 1551 1032 1600 ausus,
1062 1549 1213 1589 sensim
1235 1549 1289 1589 ad
1307 1558 1476 1589 montes

149 1611 344 1654 succedit.
403 1608 532 1657 Inde,
553 1609 634 1647 >ubi
653 1609 745 1648 satis
766 1608 914 1648 subisse
934 1608 1018 1648 sese
1039 1619 1149 1647 ratus
1171 1607 1240 1657 est,
1272 1607 1395 1662 erigit
1414 1616 1476 1646 to-

151 1682 236 1711 tam
259 1669 414 1716 aciem3
446 1667 733 1720 fluctuansque
757 1667 922 1715 animo,
953 1677 997 1704 ut
1017 1677 1174 1705 tereret
1193 1677 1379 1719 tempus,
1410 1668 1480 1703 or-'
1510 1670 1513 1674 ’

148 1729 273 1769 dines
294 1726 487 1779 explicat.
548 1723 774 1763 Consilium
797 1735 904 1773 erat,
935 1737 1016 1777 qua
1034 1723 1207 1762 fortuna
1225 1737 1323 1765 rem.
1340 1721 1476 1772 daret,
1508 1751 1512 1771 ,

149 1801 200 1827 ea
219 1785 431 1825 inclinare
451 1783 570 1821 vires.
629 1783 833 1821 Miraeulo
861 1782 997 1835 primo
1028 1780 1110 1819 effe
1136 1781 1364 1830 Romanis,
1388 1779 1477 1834 ,qui

149 1842 334 1900 proximi
353 1840 566 1888 steterant,
591 1848 635 1878 ut
653 1838 808 1879 nudari
826 1841 955 1878 latera
975 1838 1044 1876 sua
1063 1838 1266 1878 sociorum
1289 1835 1474 1892 digressu

149 1901 393 1943 senserunt:
427 1897 532 1937 inde
566 1911 691 1950 eques
723 1898 844 1937 citato
876 1911 981 1949 equo
1008 1897 1179 1934 nuntiat
1205 1895 1318 1950 regi,
1353 1895 1476 1941 abire

148 1959 353 2000 Albanos.
411 1955 556 1995 Tullus
583 1955 632 1994 in
661 1969 707 1993 re
738 1953 902 2008 trepida
930 1953 1152 1992 duodecim
1183 1954 1295 1993 vovit
1324 1953 1474 2003 Salios,

149 2017 333 2068 fanaque
354 2013 504 2053 Pallori
523 2026 569 2050 ac
588 2013 747 2052 Pavori.
787 2013 991 2065 equitem,
1021 2013 1133 2049 clara
1152 2012 1384 2066 increpans
1403 2024 1474 2051 iro-.-

148 2086 212 2124 ce,
233 2084 274 2112 ut
287 2071 423 2111 hostes
435 2069 709 2109 exaudirent:
746 2070 886 2109 redire
908 2070 956 2108 in
975 2070 1182 2122 proelium
1206 2069 1342 2122 jubet:
1370 2060 1475 2108 nihil
1503 2073 1507 2078 '

149 2129 411 2183 trepidatione
435 2140 532 2179 opus
555 2126 647 2178 effe:
669 2127 742 2180 suo
756 2127 864 2181 juffu
886 2125 1120 2165 circumduci
1143 2125 1331 2179 Albanum
1360 2138 1474 2165 exer·

147 2193 285 2235 citum,
315 2198 358 2225 ut
382 2184 628 2224 Fidenatium
647 2184 750 2224 nuda
767 2199 880 2240 terga
902 2183 1095 2223 invadant.
1135 2183 1249 2223 idein
1276 2185 1472 2239 imperat,

147 2258 194 2288 ut
213 2241 346 2285 hastas
375 2243 532 2295 equites
555 2242 714 2294 erigere
733 2243 882 2296 jubeat.
915 2240 964 2279 Id
984 2238 1140 2280 factum
1162 2235 1347 2296 magnae
1359 2242 1473 2295 parti

146 2303 338 2361 peditum
358 2302 652 2339 Romanorum
673 2299 944 2354 conspectum
967 2300 1158 2339 abeuntis
1173 2299 1333 2340 Albani
1353 2312 1474 2339 exer-

145 2363 252 2403 citus
280 2356 544 2411 intersepsit(
564 2358 635 2410 qui
664 2356 880 2406 viderant,
920 2355 985 2404 id,
1025 2356 1139 2409 quod
1162 2359 1214 2396 ab
1233 2370 1331 2412 rege
1357 2355 1475 2396 audi-

146 2432 237 2460 tum
267 2427 377 2466 erat,
416 2415 518 2463 rati,
559 2428 608 2452 eo
639 2416 772 2454 aerius
805 2424 1010 2468 pugnant.
1063 2415 1108 2462 ‚T
1112 2429 1231 2454 error
1257 2414 1312 2454 ad
1331 2412 1473 2456 hostes

149 2475 318 2522 transm
348 2484 391 2537 gqt
408 2471 660 2537 audiverat:
676 2472 789 2520 clare.
803 2486 911 2531 *voce
931 2470 1106 2533 dictum,
1138 2472 1501 2580 etmagnafggrs‘

261 2551 263 2553 ’
1383 2545 1401 2577 l
1431 2542 1472 2574 Ε·
1491 2543 1502 2575 Σ,
