1527 2707
95 113 180 162 459.
270 109 480 151 LIBER
516 108 635 153 VIII.
695 111 805 151 CAr.
838 112 1042 190 XXXVII
1078 113 1308 155 XXXVIII.
1349 166 1352 168 -

94 235 1420 247 ———.——————-————-————-—..——-—-

96 262 186 298 lum
198 261 403 299 Romanis
424 259 556 299 fuisse.
578 275 658 300 nec
680 273 822 301 tamen
836 277 901 302 res
915 263 1000 300 ulla
1013 263 1296 312 memorabilis
1310 271 1420 298 acta-z

98 331 198 370 ager
229 316 392 370 Apulus
424 319 725 372 Samniumque
759 320 1005 360 evastatum:
1048 318 1181 359 hostes
1222 332 1305 357 nec
1335 317 1420 366 hio,

97 389 182 414 nec
200 375 287 413 illic
309 376 488 415 inventi.
534 377 695 415 Romae
715 387 948 416 nocturnus
969 388 1105 415 terror
1125 379 1180 415 ita
1202 391 1253 416 ex
1272 376 1422 414 somno

101 432 310 486 trepidam
332 441 510 488 repente
533 435 742 476 civitatem
764 436 937 484 excivit,
965 446 1009 473 ut
1030 436 1275 488 Capitolium
1291 444 1423 486 ⁴atque

98 504 187 538 arx,
217 492 471 544 moeniaque
494 503 534 530 et
553 503 720 546 portae,
748 494 878 547 plena
900 503 1153 531 armatorum
1177 491 1351 531 suerint.
1381 500 1424 529 et

97 563 195 587 cum
218 550 507 588 concursatum
530 551 919 605 conclamatumque
941 551 993 589 ad
1014 565 1129 589 arma
1150 552 1345 590 omnibus
1367 549 1424 586 lo-

98 607 158 645 cis
183 605 297 654 ess‚et
325 608 464 661 prima
482 608 577 647 luce
598 622 680 647 nec
700 621 856 657 auctor,
884 623 966 648 nec
987 602 1103 647 eausa
1121 608 1291 647 terroris
1312 620 1423 645 com·

98 679 177 719 par
181 665 252 705 uit.
296 664 459 704 Eodem
481 680 598 705 anno
620 666 672 706 de
694 667 942 706 Tusculanis
960 668 1100 706 Flavia
1118 664 1334 720 rogatione
1354 677 1424 718 po-

98 723 189 777 puli
217 721 296 762 fuit
316 722 530 777 judicium.
592 727 648 764 M.
662 726 831 765 Flaxius
859 726 1053 764 tribunus
1080 726 1213 785 plebis
1246 723 1340 762 tulit
1370 719 1424 759 ad

98 782 325 835 populum,
356 793 401 820 ut
428 783 478 821 in
507 781 764 822 Tusculanos
785 779 1218 832 animadvertere'tur3
1247 794 1427 835 quoi-“un

101 853 245 879 eorum
278 854 357 893 ope
386 853 432 878 ac
456 840 628 879 consilio
653 842 864 880 Veliterni
888 842 1235 893 Privernatesque
1267 837 1425 892 populo

98 898 299 936 Romano
321 898 477 936 bellum
497 897 703 937 fecissent.
735 901 913 953 Populus
931 899 1191 937 Tusculanus
1211 912 1305 935 cum
1325 909 1424 934 con·-

98 955 258 1009 jugibus
280 969 327 993 ac
345 955 489 994 liberis
510 956 692 995 Romam
715 958 844 995 venit.
878 970 927 994 ea
947 955 1183 1005 multitudo,
1208 954 1317 994 veste
1337 966 1425 991 mu-

99 1023 198 1061 tata,
222 1024 263 1051 et
282 1012 418 1066 speci-e
436 1027 623 1063 reorum,
646 1014 778 1052 tribus
798 1015 957 1062 circuit,
978 1012 1214 1066 genibusse
1231 1012 1425 1051 omnium

99 1069 345 1110 advolvens.
380 1071 473 1124 plus
484 1072 624 1124 itaque
638 1066 928 1110 misericordia
940 1070 993 1109 ad
1005 1084 1167 1125 poenae
1178 1071 1346 1110 veniam
1359 1070 1425 1107 in-

97 1127 376 1182 petrandam,
409 1142 536 1182 quam
562 1128 685 1167 causa
712 1128 768 1168 ad
793 1129 960 1167 crimen
988 1127 1256 1183 purgandum
1283 1128 1423 1166 valuit.

100 1187 254 1225 Tribus
275 1200 438 1235 omnes,
461 1197 627 1239 praeter
648 1186 833 1235 Polliam,
857 1188 1134 1240 antiquarunt
1153 1188 1301 1240 legem.
1340 1186 1425 1224 Pol-

99 1245 182 1283 liae
200 1244 411 1283 sententia
431 1243 533 1293 suit,
563 1245 743 1297 puberes
767 1246 1008 1284 verberatos
1029 1245 1198 1294 necari,
1230 1245 1427 1297 conjuges

99 1302 337 1354 liberosque
366 1301 441 1340 sub
462 1312 623 1340 corona
647 1302 738 1355 lege
764 1302 865 1341 belli
885 1303 1058 1341 venire:
1096 1302 1429 1354 memoriamque

101 1359 190 1412 ejus
209 1359 296 1398 irae
310 1359 561 1398 Tusculanis
581 1359 630 1398 in
645 1372 813 1412 poenae
831 1369 917 1397 tam
938 1360 1088 1399 atrocis
1110 1370 1296 1398 auctores
1312 1370 1429 1398 man-

99 1415 190 1455 fisse
210 1415 264 1454 ad
283 1426 452 1470 patrum
472 1427 647 1455 aetatem
668 1417 854 1466 constat3
895 1430 978 1456 nec
1008 1431 1261 1470 quemquam
1291 1415 1429 1456 ferme

100 1487 155 1514 ex
177 1474 306 1514 Pollia
327 1475 441 1513 tribu
460 1473 733 1515 candidatum
756 1475 963 1529 Papiriam
978 1474 1097 1514 serre
1120 1474 1298 1515 solitum.

241 1590 473 1631 XXXVIII.
533 1587 817 1644 *Insequenti
839 1601 978 1641 anno,
1005 1592 1060 1643 Q
1084 1588 1234 1641 Fabio,
1266 1590 1309 1629 L.
1336 1588 1428 1633 Ful-

104 1649 173 1690 vio
195 1647 457 1698 consulibus,
495 1647 548 1688 A.
572 1649 792 1688 Cornelius
812 1647 979 1689 Arvina
1008 1649 1184 1689 dictator
1207 1659 1247 1687 et
1270 1650 1327 1687 M.
1355 1649 1427 1686 Fa-

102 1708 195 1747 bius
216 1705 440 1745 Ambustus
469 1706 661 1760 magister
686 1708 895 1759 equitum,
924 1717 1037 1745 metu
1064 1707 1264 1761 gravioris
1288 1707 1337 1744 in
1359 1706 1426 1745 Sa-

102 1764 224 1803 mnio
242 1765 342 1802 belli
362 1763 590 1814 (conducta
610 1764 726 1810 enirn
744 1765 880 1817 pretio
901 1777 923 1801 a
942 1764 1131 1803 finitimis
1152 1765 1345 1818 juventus
1366 1762 1426 1801 di-

76 1822 79 1823 ⁷
103 1823 306 1871 cebatur)
333 1822 537 1861 interiore
562 1821 727 1859 delectu
757 1821 920 1870 habito,
955 1823 1165 1875 egregium
1192 1821 1425 1860 exercitum

105 1878 300 1920 adversus
320 1879 528 1919 Samnites
547 1877 775 1919 duxerunt.
813 1878 951 1917 Castra
970 1881 1019 1918 in
1039 1878 1194 1918 hostico
1215 1877 1427 1917 incuriose

105 1941 162 1977 ita
193 1937 340 1990 posita,
378 1947 578 1988 tanquam
618 1935 764 1989 procul
796 1934 951 1974 abesset
978 1936 1124 1975 hostis:
1163 1947 1261 1976 ‘cum
1290 1935 1425 1974 subito

104 1995 319 2035 advenere
343 1994 594 2033 Samnitium
621 1994 807 2046 legiones
830 2003 948 2031 tanta
976 1993 1154 2043 ferocia,
1194 2004 1239 2032 ut
1269 1994 1426 2033 'vallum

104 2067 230 2106 usque
253 2051 307 2090 ad
327 2051 549 2091 stationem
570 2052 808 2090 Romanam
828 2049 1054 2090 inferrent.
1086 2052 1183 2091 Nox
1200 2052 1283 2105 jam
1302 2063 1428 2104 appe-

104 2113 238 2150 tebat:
279 2110 325 2149 id
348 2109 562 2163 prohibuit
588 2109 855 2148 munimenta
885 2107 1056 2149 adoriri.
1090 2123 1173 2148 nec
1203 2108 1426 2147 diffimula-

102 2171 230 2216 bant,
263 2179 354 2206 orta
375 2168 467 2205 luce
490 2163 653 2220 postero
675 2165 744 2204 die
767 2164 961 2205 facturos.
1001 2167 1209 2215 Dictator,
1238 2167 1308 2205 ubi
1330 2180 1425 2219 pro·-

102 2227 266 2279 piorem
287 2224 356 2278 spe
376 2223 694 2263 dimicationem
708 2222 822 2272 vidit,
847 2237 904 2261 ne
916 2225 1097 2263 militum
1112 2224 1254 2263 virtuti
1267 2223 1425 2261 damno

102 2284 216 2321 locus
240 2281 360 2331 esset,
396 2282 563 2335 ignibus
583 2281 740 2320 crebris
761 2281 940 2330 relictis,
969 2282 1040 2334 qui
1061 2280 1331 2335 conspectum
1352 2280 1424 2318 ho-

102 2340 224 2379 stium
244 2338 569 2388 frustrarentur,
599 2337 761 2378 silentio
783 2338 970 2391 legiones
989 2338 1147 2378 educit:
1178 2352 1260 2377 nec
1278 2349 1423 2376 tamen.

102 2397 249 2436 fallere
271 2407 444 2450 propter
466 2395 826 2450 propinquitatem
846 2394 1074 2435 castrorum
1098 2396 1240 2449 potuit.
1286 2395 1423 2447 Eques

103 2455 314 2508 extemplo
342 2452 552 2522 insecutus
579 2455 636 2493 ita
656 2452 807 2492 institit
827 2454 1008 2507 agmini,
1044 2465 1113 2504 ut,
1149 2452 1289 2493 donec
1314 2452 1421 2489 luce-

1292 2508 1423 2548 sceret
