1527 2707
112 90 170 135 38
398 89 429 128 L
459 90 480 128 1
511 91 541 129 B
572 89 609 131 E
638 91 677 132 R
719 92 753 135 ῐ.
823 93 941 136 CAP.
970 88 1153 147 XXXIV.

459 164 508 200 U.
536 164 579 200 (3.
622 175 707 203 121.
794 179 858 223 >a.
881 167 919 204 C.
947 167 979 201 N·
1004 166 1110 209 -rv31.

119 216 588 225 ————
1052 215 1437 229 -—...—-,

116 240 232 279 xime
254 254 301 279 ac
325 239 392 294 spe
411 243 549 295 magni
564 242 756 291 honoris,
782 245 895 292 eujus
920 243 1178 297 adipiscendi
1201 243 1444 296 Tarquzniis

119 298 237 347 (nam
271 297 330 335 ibi
363 313 526 351 quoque
549 300 775 353 peregrina
810 299 936 352 stirpe
958 299 1161 340 oriundus
1185 300 1296 349 erat)
1318 298 1447 340 facul·
1479 341 1484 345 ,

119 365 181 393 tas
200 367 290 393 non
311 354 485 395 fuerat.
521 355 738 396 Demarati
760 358 975 397 Corinthii
1002 357 1104 397 filius
1124 369 1236 406 erat3
1266 357 1362 411 qui,
1388 356 1444 394 ob

120 410 345 452 seditiones
365 412 489 451 domo
508 413 706 468 profugus
724 444 734 462 ‚
761 430 886 468 quum
906 415 1152 468 Tarquiniis
1174 413 1283 454 forte
1303 412 1446 453 conse-

120 468 263 519 disset,
294 485 425 509 uxore
456 471 515 510 ibi
553 472 677 511 ducta
708 472 808 512 duos
830 472 932 512 filios
955 473 1100 526 genuit
1174 471 1358 512 Nomina
1378 469 1448 511 his

119 527 306 567 Lucumo
324 538 448 580 atque
471 528 611 568 Aruns
637 528 820 569 fuerunt.
883 532 1066 569 Lucumo
1095 528 1294 582 superfuit
1322 527 1450 583 patri,

121 583 330 624 bo'norum
363 586 555 625 omnium
592 586 739 626 hores:
791 587 933 627 Aruns
975 587 1111 640 prior,
1163 601 1286 640 quam
1316 598 1450 639 pater,

123 643 328 692 moritur,
357 658 486 681 uxore
516 644 684 697 gravida
712 645 868 684 relicta.
929 645 1019 684 Neo
1038 644 1111 684 diu
1138 655 1278 683 manet
1312 642 1450 696 super-

124 699 201 739 stes
234 700 318 738 lilio
353 712 490 753 pater:
547 703 617 754 qui
650 716 769 750 cum,
822 702 1023 755 ignorans
1067 716 1222 740 nurum
1253 712 1455 741 ventrem·

122 756 262 806 ferre,
289 758 509 797 immemor
540 760 584 798 in
617 758 803 797 testando
834 760 997 813 nepotis
1029 758 1275 808 decessisset,
1301 771 1449 811 puero,

125 815 215 869 post
234 814 298 854 avi
324 827 499 854 mortem
523 815 566 854 in
584 816 742 855 nullam
766 816 917 856 sortem
944 820 1148 856 bonorum
1173 827 1286 860 noto,
1313 818 1364 854 ab
1383 815 1452 853 in·

126 873 225 925 opia
245 873 399 927 Egerio
420 873 601 912 inditum
614 886 786 912 nomen.
832 876 1240 921 Lucumonicontra‚
1259 872 1453 912 omnium

127 930 284 970 heredi
319 934 548 979 bonorum,
590 946 713 983 quum
743 930 912 969 divitiae
943 933 1024 983 {am
1053 934 1214 970 animos
1247 928 1454 979 facerent,

127 988 247 1028 auxit
277 986 400 1027 ducta
443 986 490 1025 in
533 988 846 1026 matrimonium
879 989 1112 1040 Tanaquil,
1163 988 1318 1027 summo
1357 989 1453 1026 loco

129 1058 252 1095 nata,
278 1056 320 1085 et
344 1058 446 1097 quae
469 1045 578 1084 haud
604 1045 727 1084 facile
749 1046 821 1090 iis,
855 1045 898 1083 in
932 1047 1078 1098 quihus
1107 1058 1203 1084 nata
1231 1057 1342 1093 erat,
1376 1044 1455 1084 hu-

130 1103 297 1144 miliora
318 1101 472 1141 sineret
494 1117 555 1152 ea,
585 1117 687 1156 quae
706 1102 959 1156 innupsisset.
1002 1103 1309 1156 Spernentibus
1331 1102 1457 1141 Etru-

132 1161 205 1201 scis
237 1162 545 1200 Lucumonem.
577 1160 712 1199 exsule
743 1161 904 1200 advena
935 1172 1097 1210 ortum,
1130 1160 1245 1200 ferre
1272 1158 1456 1213 indigni-

132 1223 263 1258 tatem
304 1232 394 1257 non
436 1218 597 1271 potuit3
649 1218 863 1270 oblitaque
898 1218 1118 1271 ingenitae
1143 1231 1237 1271 erga
1276 1218 1458 1269 patriam

134 1276 344 1323 caritatis,
392 1274 619 1315 dummodo
647 1275 779 1315 virum
814 1276 1069 1315 honoratum
1101 1276 1287 1324 videret,
1328 1272 1456 1313 conli-

134 1334 240 1374 lium
265 1333 474 1387 migrandi
495 1335 545 1371 ab
566 1333 808 1385 Tarquiniis
831 1334 957 1385 cepit·
1007 1335 1140 1372 Roma
1169 1332 1224 1370 est
1246 1331 1295 1370 ad
1320 1331 1364 1370 id
1386 1345 1457 1386 po·

134 1365 346 1431 tissimum*
360 1390 452 1430 visa.
505 1391 554 1429 in
593 1404 702 1429 novo
737 1392 913 1444 populo,
963 1391 1030 1429 ubi
1064 1390 1199 1430 omnis
1231 1401 1459 1441 repentina

136 1460 260 1502 atque
290 1463 342 1487 ex
370 1449 519 1487 virtute
546 1449 744 1486 nobilitas
776 1447 843 1497 sit,
893 1447 1082 1487 futurum
1110 1450 1246 1487 locum
1279 1445 1379 1485 forti
1408 1459 1487 1493 ac?

135 1506 306 1559 strenuo
336 1506 449 1544 viro.
482 1504 670 1558 regnasle
702 1505 866 1544 Tatium
899 1505 1117 1545 Sabinum·
1148 1503 1381 1544 arcessitum
1412 1504 1460 1543 in

137 1577 315 1619 regnum
339 1563 516 1602 Numam
536 1577 559 1600 a
583 1563 778 1602 Curibus:
808 1576 848 1602 et
872 1565 1037 1602 Ancum
1059 1564 1209 1602 Sabina
1237 1574 1365 1600 matre
1394 1575 1460 1600 or-

139 1631 244 1671 tum,
270 1621 541 1673 nobilemque
562 1634 647 1659 una
670 1621 851 1675 imagine
876 1621 1034 1659 Numae
1054 1620 1148 1660 esse.
1208 1619 1345 1659 Facile
1368 1632 1461 1672 per-

139 1678 309 1729 suadet,
346 1689 390 1716 ut
417 1677 571 1728 cupido
602 1678 835 1728 honorum,
873 1689 913 1717 et
933 1678 999 1718 cui
1024 1676 1245 1731 Tarquinii
1267 1688 1462 1715 materna

140 1745 304 1776 tantum
334 1736 468 1789 patria
499 1735 607 1775 esset.
669 1737 846 1775 Sublatis
867 1736 1007 1789 itaque
1028 1739 1148 1775 rebus
1181 1733 1461 1787 commigrant

139 1794 334 1835 Romam.
396 1792 462 1831 Ad
484 1793 720 1832 Janiculum
744 1790 851 1833 forte
872 1805 1041 1832 ventum
1065 1804 1164 1833 erat.
1201 1793 1260 1831 ibi
1283 1795 1344 1838 ei,
1374 1805 1461 1830 car-

141 1863 274 1906 pento
307 1849 467 1890 sedenti
499 1865 590 1890 cum
624 1865 777 1899 uxore,
823 1853 956 1905 aquila
989 1849 1180 1904 suspensis
1211 1847 1376 1889 demissa
1404 1849 1461 1888 le-

142 1909 261 1950 :niter
291 1908 364 1948 alis
392 1907 485 1961 pile·
480 1923 544 1946 un
571 1907 730 1947 aufert:
761 1908 962 1962 superque
990 1918 1234 1959 carpentum
1259 1921 1352 1946 eum
1381 1920 1462 1945 ma-

142 1980 229 2022 gno
249 1968 443 2030 clange-ie
464 1966 638 2004 volitans
653 1996 663 2015 ,
694 1967 842 2015 rursm,
870 1968 981 2006 velut
1003 1965 1235 2005 ministerio
1256 1963 1462 2004 divinitus

145 2024 284 2074 missa,
314 2023 438 2077 capiti
470 2034 562 2074 apto
588 2025 782 2076 reponit.
815 2024 914 2064 inde
947 2023 1129 2062 sublimis
1161 2023 1272 2062 abiit.
1334 2021 1395 2061 Ac·
1376 2034 1463 2060 rt-oe

144 2081 246 2138 pisse
287 2081 331 2120 id
361 2082 574 2134 augurium
600 2083 706 2120 laeta
742 2081 898 2121 dicitur
930 2081 1160 2132 Tanaquil,
1211 2080 1370 2135 perita,
1419 2088 1466 2117 ut

144 2141 269 2194 vulgo
291 2139 478 2187 Etrusci,
508 2137 743 2177 coelestium
764 2139 1049 2193 prodigiorum
1072 2139 1237 2178 mulier.
1299 2135 1466 2175 Excelsa

147 2208 191 2239 et
219 2199 301 2235 alta
335 2195 501 2249 sperare
539 2198 754 2249 complexa
792 2197 922 2236 virum
957 2197 1080 2249 jubet.
1127 2210 1216 2235 eam
1248 2195 1388 2234 alitem
1416 2206 1467 2233 ea

147 2255 320 2310 regione
348 2253 452 2293 coeli
482 2264 522 2292 et
554 2267 638 2301 ems
667 2254 752 2293 Dei
779 2255 968 2294 nuntiam
1001 2251 1165 2292 venisse.
1224 2254 1336 2292 circa
1365 2250 1464 2290 sum·
1488 2274 1490 2277 v

148 2327 263 2353 mum
285 2312 452 2351 culmen
475 2310 658 2351 hominis
678 2311 901 2365 auspicium
927 2311 1045 2350 fecis
1028 2326 1077 2351 e.
1116 2310 1266 2351 levasse
1285 2311 1466 2349 humano
1486 2351 1490 2354 ,

149 2367 448 2425 superpositum
475 2368 596 2422 capiti
620 2369 766 2418 decus,
804 2379 848 2407 ut
871 2369 1069 2410 divinitus
1097 2368 1235 2408 eidem
1256 2366 1467 2411 redderet.

152 2429 236 2468 Has
272 2427 361 2480 spes
400 2427 754 2479 cogitationesque
778 2426 912 2467 secum
946 2438 1178 2481 portantes,
1215 2422 1371 2464 urbem
1405 2423 1468 2462 in-

151 2483 274 2542 gteffi
292 2484 411 2537 sunt;
439 2484 736 2540 domicilioque
757 2484 814 2524 ibi
835 2482 1099 2540 comparato,
1123 2481 1485 2541 L.Tarqui⁷1311uq÷

1287 2535 1483 2582 Priscum'
