1527 2707
190 130 193 131 ⁷
312 82 344 124 L
373 83 393 121 1
422 81 456 120 Β
477 80 526 127 E
553 81 594 120 R
651 81 684 121 1.
758 81 871 120 Cn.
903 79 1047 119 XXIX.
1078 75 1200 123 XXX.
1357 78 1418 121 33

33 157 41 165 ‘
172 146 177 148 ’
364 146 478 190 40·
500 145 541 189 C.
568 163 657 190 loo,
833 163 867 187 a.
894 150 936 188 (ἶ.
958 149 1010 186 N.
1036 146 1131 193 552.
1209 145 1224 148 l

184 218 189 220 ,
206 216 219 219 ψ
273 217 294 221 γ,
308 218 314 220 ,
730 220 733 221 γ
882 202 1146 217 ψ

87 232 239 284 τᾶβῑίω
255 261 266 280 ,
298 230 446 284 quibus
466 233 639 284 quisque
661 239 845 283 poterat,
877 226 1013 275 elatis,
1045 240 1174 279 quum
1196 227 1342 273 larem,
1365 237 1416 263 ac

86 299 278 342 penates,
302 297 516 341 tectaque,
550 289 597 327 in
617 287 765 340 quibus
782 297 908 327 natus
932 284 1108 338 quisque
1131 282 1413 333 educatusqu-

21 376 29 385 ,
87 344 217 395 esset,
246 346 536 400 relinquentes
556 346 748 393 exirent,
785 344 867 398 jam
901 342 1128 381 continens
1159 353 1311 393 agmen
1338 338 1413 378 mi-

86 403 298 456 grantium
317 402 568 457 impleverat
587 402 696 442 viasz
740 411 780 440 et
798 400 1041 455 conspectus
1064 399 1243 437 aliorum
1268 407 1414 435 mutua

86 459 357 511 miseratione
376 462 611 514 integrabat
632 460 824 498 lacrimas
837 488 848 507 ‚
881 468 1081 510 vocesque
1103 456 1226 496 etiam
1247 452 1413 493 misera-

85 517 190 559 biles
210 517 566 566 exaudiebantur3
595 518 818 555 mulierum
838 515 1085 570 praecipue,
1109 528 1235 565 quum
1256 510 1414 550 obfeffa

86 575 139 613 ab
159 575 328 614 armatis
347 575 503 627 templa
525 574 689 628 augusta
706 575 990 626 praeterirent
1004 602 1015 621 ‚
1058 585 1105 609 ac
1135 572 1246 609 velut
1272 578 1413 626 captos

85 631 386 684 relinquerent
402 632 531 671 Deos.
589 631 770 685 Egreffis
791 632 936 670 urbem
962 628 1162 677 Albanis,
1190 629 1415 666 Romanus

84 686 232 742 passim
253 690 417 741 publica
439 689 681 741 privataque
702 689 846 728 omnia
860 699 966 727 tecta
979 685 1180 738 adaequat
1191 682 1289 734 solo,
1310 697 1414 721 una-

85 759 166 797 que
191 744 294 783 hora
312 745 719 798 quadringentorum
744 759 956 785 annorum
978 756 1103 797 opus,
1132 743 1281 795 quibus
1304 739 1415 779 Alba

83 799 273 851 steterat,
305 802 468 841 excidio
489 816 536 840 ac
554 803 699 843 ruinis
711 801 842 847 dedit.
900 802 1090 855 Templis
1112 811 1257 840 tamen
1272 799 1416 839 Deum

27 904 30 905 ⁷
82 858 169 908 (ita
187 859 306 899 enim
326 858 509 899 edietum
530 860 581 899 ab
604 872 702 914 rege
722 858 889 910 fuerat)
915 866 1198 910 temperatum
1226 854 1297 896 est.

194 968 315 1013 XXX.
374 972 513 1014 Roma
539 972 716 1013 interim
746 970 893 1012 crescit
921 969 1053 1011 Albae
1079 969 1227 1012 ruinis.
1264 968 1413 1028 ‘dupli-

66 1038 199 1074 ,catur
218 1031 370 1070 civium
394 1042 611 1070 numerus.
673 1030 837 1070 Coelius
859 1029 1030 1068 additur
1054 1030 1147 1068 urbi
1169 1042 1320 1080 mon-s3
1357 1041 1412 1081 et,

81 1102 167 1141 quo
191 1086 454 1141 frequentius
485 1088 768 1135 habitaretur,
806 1101 897 1126 eam
931 1085 1074 1125 sedem
1096 1088 1242 1127 Tullus
1275 1089 1414 1142 regiae

81 1146 215 1198 capit,
244 1146 384 1199 ibique
408 1145 632 1199 habitavit„
683 1145 897 1198 Principes
909 1142 1175 1182 Albanorum
1199 1145 1246 1183 in
1258 1146 1413 1196 Patres,

81 1212 130 1240 ut-
159 1215 207 1241 ea
237 1216 400 1256 quoque
431 1215 528 1256 pars
562 1201 820 1255 reipublicae
848 1201 1073 1251 cresceret,
1115 1202 1214 1255 legit
1237 1203 1413 1254 Tullios,

80 1257 300 1305 Servilios,
356 1260 602 1310 Quinctios,
645 1260 886 1313 Geganius,
927 1260 1154 1307 Curiatios,
1207 1261 1412 1300 Cloelios:

78 1317 369 1370 templumque
391 1316 536 1356 ordini
557 1318 608 1355 ab
630 1315 671 1356 se
693 1326 812 1356 aucto
844 1317 1004 1355 curiam
1033 1315 1154 1365 fecit,
1202 1331 1307 1370 quae
1330 1319 1411 1357 Ho-

75 1371 186 1414 [tilia
208 1387 336 1428 usque
356 1374 410 1413 ad
432 1386 596 1429 patrum
626 1374 864 1413 nostrorum
893 1385 1071 1413 aetatem
1103 1375 1310 1427 appellata
1339 1374 1409 1416 est.

35 1438 38 1441 ’
77 1441 141 1480 et,
173 1442 218 1470 ut
241 1433 435 1472 omnium
454 1430 656 1471 ordinum
674 1433 832 1473 viribus
856 1431 1013 1486 aliquid
1044 1444 1096 1471 ex
1118 1434 1230 1471 novo
1253 1434 1410 1487 populo

76 1487 349 1543 adjiceretur,
407 1491 594 1543 equitum
624 1489 772 1529 decem
806 1501 965 1529 turmas
995 1504 1048 1528 ex
1085 1487 1264 1529 Albanis
1296 1491 1406 1544 legit.

75 1543 314 1601 *Legiones
344 1559 386 1587 et
416 1559 578 1588 veteres
609 1547 761 1587 eodem
793 1547 1087 1602 supplemento
1117 1547 1322 1600 explevit,
1368 1559 1411 1588 et

74 1615 207 1645 novas
238 1604 407 1660 scripsit.
471 1607 558 1644 Hac
591 1605 743 1645 fiducia
774 1605 927 1644 virium
958 1605 1104 1643 Tullus
1133 1605 1299 1644 Sabinis
1325 1607 1410 1646 bel-

73 1661 162 1702 lum
179 1658 343 1712 indicit,
385 1663 501 1717 genti
522 1676 570 1700 ea
589 1661 830 1716 tempestate
852 1661 1084 1701 secundum
1094 1661 1287 1701 Etruscos
1307 1677 1409 1717 opu-

72 1718 323 1759 lentiffimae
345 1721 443 1761 viris
465 1720 685 1773 armisque.
751 1721 964 1773 Utrinque
985 1719 1167 1773 injuriae
1190 1718 1336 1770 factae,
1359 1735 1408 1761 ac

72 1789 140 1820 res
159 1777 448 1831 nequidquam
470 1788 592 1818 erant
612 1779 824 1832 repetitae.
884 1778 1030 1817 Tullus
1049 1777 1102 1816 ad
1122 1778 1328 1817 Feroniae
1347 1776 1408 1818 fa-

73 1846 180 1874 num
205 1847 394 1874 mercatu
416 1836 632 1891 frequenti
662 1836 942 1890 negotiatores
973 1836 1192 1874 Romanos
1216 1849 1408 1889 compre-

73 1889 225 1932 hentos
245 1896 510 1946 querebatur.
572 1894 719 1933 Sabini
741 1893 833 1933 suos
868 1894 982 1946 prius
1010 1894 1059 1932 in
1088 1893 1228 1932 lucum
1261 1892 1409 1932 confu-

72 1945 193 2001 gisse,
233 1964 285 1989 ac
300 1952 463 1991 Romae
483 1962 680 1991 retentos.
740 1951 820 1990 hae
842 1949 987 1990 causae
1012 1951 1110 1989 belli
1141 1948 1405 1991 ferebantur.

72 2005 229 2056 Sabini,
258 2007 372 2047 haud
389 2022 539 2063 parum
561 2023 783 2058 memores,
816 2021 855 2048 et
874 2006 1041 2047 suarum
1063 2008 1215 2048 virium
1238 2019 1406 2061 partem

72 2061 234 2103 Rornae
253 2067 304 2104 ab
323 2068 446 2107 Tatio
464 2068 656 2117 locatam,
684 2077 725 2106 et
743 2068 984 2106 Romanam
1005 2080 1097 2105 rem
1117 2080 1257 2119 nuper
1278 2066 1406 2105 etiam

70 2119 306 2174 adjectione
344 2126 488 2179 populi
526 2124 687 2164 Albani
738 2135 924 2173 auctam,
993 2121 1315 2177 circumspicere
1345 2123 1407 2162 sset

68 2177 145 2232 ipfi
185 2190 360 2225 externa
408 2182 577 2222 auxilia.
655 2181 828 2221 Etruria
870 2192 958 2221 erat
990 2183 1156 2231 vicina,
1216 2181 1404 2235 proximi

66 2233 338 2277 Etruscorum
357 2239 567 2293 Veientes.
629 2239 760 2290 Inde,
801 2241 855 2279 ob
874 2239 1057 2279 residuas
1086 2240 1291 2278 bellorum
1318 2239 1403 2279 iras

66 2294 252 2333 maxime
273 2293 496 2336 sollicitatis
520 2296 573 2337 ad
599 2296 883 2337 defectionem
906 2297 1085 2342 animis,
1138 2296 1402 2336 voluntarios

18 2378 23 2381 »
66 2358 245 2398 traxere.
307 2364 347 2391 et
373 2354 484 2408 apud
504 2368 627 2409 vagos
650 2354 854 2409 quosdam
886 2370 940 2395 ex
967 2355 1087 2408 inopi
1115 2354 1240 2407 plebe
1276 2354 1403 2393 etiam

0 2454 2 2456 v
65 2411 228 2448 merces
247 2411 388 2450 valuit.
447 2413 613 2467 Publico
635 2415 791 2453 auxilio
811 2414 930 2452 nullo
952 2412 1079 2466 adjuti
1101 2412 1210 2451 sunt.
1254 2411 1402 2451 valuit-

64 2477 146 2521 ‘11²⁶
167 2466 278 2520 apud
299 2469 495 2521 Veientes
525 2470 660 2522 (nam
688 2470 743 2513 de
771 2471 923 2514 ceteris
945 2471 1090 2514 minus
1121 2470 1281 2511 mirum
1313 2467 1402 2517 est)

129 2520 174 2565 T.
207 2523 316 2568 Livii
356 2524 461 2570 Tom.
492 2525 526 2572 Ι.
816 2530 853 2572 C
1280 2535 1402 2581 pacta
