1527 2707
264 94 296 134 L
318 94 343 133 1v
359 79 450 132 ΒΕ
469 74 511 132 R
554 94 610 132 11.
669 94 784 132 cm».
814 94 940 133 xm.
974 94 1118 132 xtm.
1286 60 1385 138 ἠς

67 164 160 204 *0⁴
184 165 229 202 c.
253 167 349 208 285.
383 177 417 200 a.
442 162 678 211 onae-7.
740 162 1090 202 stuc2saa.
1114 164 1157 201 C.
1181 162 1344 211 Ν.;,56.
1392 159 1395 162 ⁴

153 244 280 282 LXII.
337 240 503 280 Eodem
532 254 650 280 anno
672 242 863 282 Valerius
887 243 1054 292 consul,
1095 257 1192 281 cum
1214 241 1371 281 exerci.

41 310 87 339 tu
117 301 167 340 in
187 298 355 353 Aequos
384 298 619 353 profectus,
659 313 754 337 cum
785 298 947 338 hostem
978 299 1031 338 ad
1057 299 1264 353 proelium
1295 298 1372 337 eli-

40 372 136 397 cere
155 370 248 396 non
276 355 432 411 posset,
452 355 596 394 'castra
624 370 870 410 oppugnare
898 356 956 395 est
987 356 1167 396 adortus.
1226 355 1374 395 Prohi-

41 417 132 454 buit
155 413 282 454 foeda
301 413 547 466 tempestas,
585 427 679 451 cum
694 415 911 467 'grandine
934 429 981 452 ac
1006 415 1232 453 tonitribus
1251 412 1372 451 coelo

41 472 216 527 dejecta.
283 470 624 511 Admirationem
657 470 815 510 deinde
855 474 992 520 auxit,
1040 471 1156 524 ligno
1183 470 1392 524 receptui>

42 529 141 570 dato
154 560 165 580 ‚
195 528 300 569 adeo
317 529 543 581 tranquilla
563 527 763 568 serenitas
780 528 967 567 reddita:
1002 539 1069 577 ut,
1102 529 1214 568 velut
1231 527 1393 566 numi--

41 602 102 628 ne
127 588 265 640 aliquo
285 584 460 626 defensa
479 584 608 624 castra
630 600 875 640 oppugnare
896 587 1045 625 iterum
1059 615 1070 634 ‚
1108 585 1255 639 religio
1283 583 1374 623 fue-

45 646 112 686 rit.
140 645 279 684 omnis
305 645 368 683 ira
386 643 488 683 belli
510 642 562 681 ad
583 645 902 696 populationem
935 643 1024 697 agri
1053 643 1188 682 vertit.
1249 641 1375 680 Alter:

45 702 191 743 consul
210 701 412 756 Aemilius
440 701 489 739 in
511 701 675 740 Sabinis
700 701 857 739 bellum
892 700 1017 755 geslit.
1078 711 1118 739 et
1149 700 1231 750 ibi,
1275 699 1375 752 quia

44 759 171 803 hoftis
198 759 420 798 moenibus
452 756 494 796 se
522 760 715 808 tenebat,
756 758 900 798 vastati
930 760 1018 812 agri
1047 758 1156 797 sunt.
1218 760 1377 796 Incen-

47 818 135 859 diis'
152 816 334 866 deinde,
377 829 472 854 non
501 816 696 856 villarum
725 816 875 866 modo,
915 816 987 870 sed
1020 817 1145 856 etiam
1166 815 1376 864 vicorum,

44 876 194 930 quibus
213 873 460 928 frequenter
477 873 743 913 habitabatur
756 903 766 923 ‚
803 874 947 921 Sabini
966 875 1104 923 exciti,
1135 889 1231 913 cum
1253 885 1377 926 prae-

46 933 260 973 datoribus
280 930 577 981 occurrissent,
617 932 793 985 ancipiti
813 932 975 985 proelio
997 931 1176 985 digressi,
1209 929 1378 984 postero

46 990 116 1031 die
136 992 321 1030 retulere
341 987 473 1027 castra
492 990 542 1028 in
569 990 722 1027 tutiora
746 990 848 1027 loca.
919 988 969 1027 Id
1000 989 1096 1028 satis
1127 988 1290 1028 consuli
1316 987 1378 1026 vi-

45 1048 158 1098 sum,
197 1062 272 1087 cur
298 1061 378 1102 pro
409 1047 518 1086 victo
550 1047 810 1100 relinqueret
841 1046 1027 1096 hostem,
1075 1047 1241 1101 integro
1270 1043 1380 1085 indo
1424 1088 1426 1090 v

0 1153 2 1156 y
45 1105 260 1146 decedens
285 1105 409 1144 bello.
961 1104 963 1106 '

163 1163 310 1203 LXIII.
365 1161 519 1200 *Inter
547 1161 651 1200 haec
672 1162 805 1212 bella,
846 1172 1051 1207 manente
1074 1160 1284 1201 discordia
1306 1160 1380 1201 do-

47 1224 131 1273 mi,
167 1222 218 1260 T.
248 1219 467 1260 Numicius
496 1219 674 1270 Priscus,
720 1219 772 1259 A.
803 1220 1018 1273 Virginius
1046 1218 1236 1259 consules
1264 1217 1383 1260 facti.

0 1277 1 1281 ¹
48 1282 159 1321 Non
190 1280 302 1317 ultra
330 1275 550 1316 videbatur
574 1277 709 1316 latura
737 1279 880 1332 plebes
909 1277 1159 1316 dilationem
1191 1278 1383 1331 agrariae

48 1338 173 1392 legis,
222 1334 450 1387 ultimaque
477 1334 538 1374 vis
569 1337 813 1387 parabatur,
859 1349 980 1384 cum,
1018 1334 1186 1374 Volscos
1223 1334 1381 1386 adesse,

36 1395 166 1436 ‘fumo
185 1407 237 1432 ex
256 1390 469 1430 incendiis
488 1393 687 1431 villarum
720 1391 895 1447 fugaque
920 1391 1140 1446 agrestium
1159 1393 1382 1445 cognitum

50 1451 122 1492 est.
173 1465 223 1490 ea
240 1463 309 1488 res
329 1460 539 1487 maturam
559 1450 641 1502 jam
659 1449 910 1489 seditionem
930 1464 977 1488 ac
995 1465 1128 1504 prope
1151 1464 1383 1504 erumpen-

49 1522 136 1550 tem
149 1506 356 1563 repressit.
387 1506 634 1557 ··Consulcs‚
673 1508 804 1547 coacti
823 1509 1036 1561 extemplo
1066 1510 1117 1546 ab
1145 1505 1295 1547 senatu
1324 1507 1384 1549 ad.

6 1598 8 1604 s
50 1568 233 1615 bellum,
265 1564 413 1604 educta
435 1578 488 1604 ex
506 1566 609 1604 urbe
629 1566 869 1619 juventute,
907 1566 1247 1618 tranquilliorem
1271 1577 1384 1606 cete-

52 1640 146 1665 ram
166 1625 334 1678 plebem
365 1620 574 1660 fecerunt.
632 1623 687 1661 Et
720 1622 854 1662 hostes
879 1622 1073 1676 quidem,
1121 1623 1231 1662 nihil
1263 1625 1385 1674 aliud.

52 1697 178 1737 quam
194 1679 370 1736 perfusis
392 1694 502 1719 vano
524 1679 675 1720 timore
695 1681 926 1729 Romanis,
965 1681 1088 1719 citato
1110 1681 1281 1734 agmine
1312 1685 1384 1721 ab.

52 1750 168 1780 eunt.
234 1737 454 1777 Numicius
484 1736 662 1776 Antium
700 1737 896 1778 adversus
927 1737 1117 1787 Volscos,
1163 1739 1386 1792 Virginius

53 1808 201 1837 contra
219 1794 385 1848 Aequos
416 1793 642 1849 profectus.
702 1796 762 1835 ibi
794 1810 848 1834 ex
875 1795 1037 1835 infidiis
1066 1809 1198 1849 prope
1227 1812 1405 1853 magna,

55 1865 222 1908 accepta
238 1852 380 1901 clade,
414 1853 543 1893 virtus
565 1854 748 1892 militum
766 1867 872 1901 rem,
904 1853 1142 1907 prolapsam
1164 1857 1389 1911 negligen-

56 1913 112 1952 tia
129 1910 331 1960 consulis,
362 1910 550 1949 restituit.
609 1912 760 1950 Melius
779 1911 829 1949 in
851 1909 1009 1950 Volscis
1031 1912 1289 1964 imperatum
1312 1914 1385 1955 est.

57 1968 148 2008 Fufi
166 1969 303 2022 primo
331 1968 494 2022 proelio
523 1967 683 2017 hostes,
723 1967 902 2022 fugaque
932 1969 981 2006 in
1009 1971 1159 2008 urbem
1190 1970 1389 2023 Antium,

57 2037 105 2065 ut
119 2036 207 2064 tum
226 2022 295 2064 res
317 2036 464 2074 erant,
496 2025 850 2079 opulentissimam
873 2026 964 2065 acti.
992 2032 1122 2079 ‘quam
1145 2029 1292 2068 consul
1314 2045 1389 2084 op-

58 2096 247 2137 pugnare
259 2097 351 2121 non
373 2082 514 2132 ausus,
547 2084 794 2133 Cenonem,
825 2082 942 2121 aliud
963 2083 1191 2137 oppidum,
1229 2101 1391 2140 nequa-

6 2183 26 2190 Ἰ,
58 2155 186 2193 quam
206 2151 290 2179 tam
304 2141 574 2194 opulentum,
599 2143 649 2179 ab
668 2140 912 2180 Antiatibus
931 2142 1056 2195 cepit.
1107 2144 1228 2183 Dum
1247 2143 1390 2198 Aequi

58 2197 282 2250 Volscique
302 2199 518 2237 Romanos
547 2199 754 2237 exercitus
781 2209 958 2246 tenent,
997 2199 1145 2240 Sabini
1170 2216 1301 2255 usque
1333 2201 1391 2242 ad

5 2285 7 2310 3
58 2265 203 2309 portas
221 2255 337 2294 urbis
356 2256 606 2309 populantes
628 2253 847 2296 incessere.
908 2255 1130 2298 *deinde
1150 2259 1226 2313 ipfi
1245 2261 1391 2313 paucis

59 2312 152 2368 post
177 2311 343 2352 diebus
365 2314 418 2351 ab
444 2310 607 2354 vduobus
638 2315 913 2361 exercitibus,
965 2325 1141 2369 utroque
1171 2326 1249 2371 per
1280 2318 1392 2358 iram

6 2369 7 2382 ¹
59 2368 230 2409 consule
250 2368 433 2423 ingresso
453 2370 504 2417 in
523 2371 644 2426 fines,
664 2372 758 2427 plus
778 2371 975 2425 cladium,
991 2386 1118 2429 quam
1137 2374 1391 2428 intulerant,

59 2437 329 2485 aeceperunt.
1273 2435 1276 2438 ’

1244 2493 1408 2547 wa„
