1527 2707
281 137 284 141 .
397 87 429 127 L
450 89 469 128 1
492 87 524 126 B
546 87 584 127 E
604 88 646 126 R
682 89 753 129 IX.
811 88 922 127 (ΖΑΒ.
950 86 1031 126 XL.
1060 86 1164 126 XLI.
1359 83 1444 128 503

342 157 429 196 *U.
452 159 498 197 C.
523 159 618 209 ἧ45.
907 171 941 195 a.
969 158 1011 194 C.
1037 157 1089 193 N.
1113 158 1212 206 307.

110 228 250 289 vstrage
279 236 501 280 hominum
526 249 822 289 armorumque
852 234 1079 287 insignium
1101 233 1239 287 campi
1260 230 1445 284 repleri3

116 307 166 332 ac
184 294 322 347 primo
348 294 521 347 pavidos
543 294 749 334 Samnites
771 291 902 332 castra
923 292 993 331 sua
1012 304 1237 346 accepere:
1277 286 1443 327 deinde

24 353 26 391 ζ
56 376 58 380 .
117 364 176 399 ne
208 364 256 388 ea
280 350 449 403 quidem
482 362 659 391 retenta.
691 351 821 404 captis
848 350 1108 403 direptisque
1139 359 1237 387 ante
1269 356 1443 386 noctem

115 408 297 460 injectus
318 408 439 461 igni&
483 408 678 448 Dictator
698 423 751 448 ex
772 406 1128 447 senatusconsulto
1151 403 1440 458 triumphavit.

117 466 243 519 cujus·
264 466 481 519 triumpho
510 467 636 520 longe
662 466 897 508 maximam¹
918 465 1097 519 speciem
1134 464 1297 518 captiva
1324 472 1443 499 arma

115 524 361 576 praebuere.
393 534 557 563 tantum
576 524 913 578 magnificentiae
933 522 1062 562 visum
1081 522 1209 570 iniis,
1233 527 1441 558 utvaurata

117 580 231 619 scuta
251 578 435 620 dominis
465 584 796 635 argentariarum
819 580 871 621 ad
901 580 1040 619 forum
1061 577 1305 619 ornandum
1336 574 1442 615 div'r-

116 636 334 677 derentur.
365 637 468 677 inde
497 650 643 678 natum
674 640 842 678 initium
874 638 1026 677 dicitur
1054 637 1135 677 fori
1167 633 1355 675 ornandi
1387 633 1440 671 ab

118 694 344 744 aedilibus,
376 702 472 735 cum
493 696 638 736 tensae
659 696 927 738 ducerenturg
985 695 1040 734 Et
1059 694 1245 734 Romani
1267 690 1442 747 quidem

118 751 172 790 ad
200 752 408 792 honorem
428 754 573 793 Deum
601 754 831 808 insignibus
864 754 991 793 armis
1021 752 1200 792 hostium
1231 750 1291 790 ufi
1320 747 1440 788 sunt:

119 811 344 862 Campani,
376 813 427 850 ab
457 810 649 865 sUPerbia
681 823 721 851 et
746 811 842 850 odio
873 812 1149 860 Samnitium,
1191 807 1442 863 gladiatores

117 867 250 919 (quod
265 867 540 921 spectaculum
559 870 673 909 inter
693 871 833 923 epulas
848 873 955 922 erat)
972 884 1019 910 eo
1040 879 1191 908 ornatu
1207 873 1441 912 armarunt,

119 925 452 979 Samnitiumque
471 928 651 966 nomine
676 927 996 981 compellarunt.
1026 925 1188 966 Eodem
1209 938 1325 963 anno
1344 934 1450 965 cum.>

119 983 292 1035 reliquis
311 982 582 1023 Etruscorum
605 984 658 1022 ad
678 984 909 1034 Perusiam3
946 998 1050 1038 quae
1081 995 1122 1023 et
1142 980 1229 1038 ipsa
1253 979 1444 1021 inducia-

118 1049 211 1078 rum
232 1039 360 1079 fidem
381 1053 563 1096 ruperat,
597 1043 746 1081 Fabius
766 1042 910 1082 consul
923 1057 1006 1081 nec
1026 1042 1153 1081 dubia
1175 1054 1258 1079 nec
1278 1034 1443 1077 difficili

119 1097 287 1136 victoria
313 1097 497 1137 dimicat.
520 1099 652 1154 ipsum
677 1100 876 1156 oppidum
900 1102 1023 1148 (nam
1045 1099 1099 1139 ad
1118 1098 1290 1139 moenia
1310 1096 1444 1135 victor

120 1153 311 1204 accessit)
342 1156 534 1210 cepisset,
589 1158 640 1197 ni
665 1159 788 1211 legati
821 1157 1028 1198 dedentes
1057 1159 1207 1196 urbem
1249 1152 1443 1193 exissent.

117 1212 322 1252 Praesidio
346 1213 532 1253 Perusiae
557 1215 770 1269 impolito,
818 1215 1099 1269 legationibus
1122 1213 1317 1253 Etruriae
1344 1209 1446 1249 ami-

120 1270 258 1309 citiam
293 1272 534 1325 petentibus
567 1288 670 1327 prae
701 1273 743 1311 se
776 1273 958 1312 Romam
988 1271 1046 1312 'ad
1075 1271 1265 1311 senatum
1298 1266 1444 1316 minis,

120 1327 286 1377 consul,
330 1328 634 1382 praestantiore
662 1332 812 1379 etiam,
860 1345 989 1385 quam
1021 1329 1222 1378 dictator,
1271 1325 1448 1366 victoria

119 1385 408 1439 triumphans,
449 1389 600 1426 urbem
622 1388 680 1427 est
708 1389 912 1428 invectus,
972 1388 1091 1438 Quin
1115 1388 1242 1427 etiam
1264 1383 1448 1437 devicto,-

120 1455 217 1480 rum
242 1442 494 1483 Samnitium
519 1443 646 1493 decus
679 1460 832 1499 magna
863 1460 916 1487 ei:
945 1456 1064 1501 parte
1094 1444 1148 1484 ad
1180 1446 1360 1497 legatos',
1402 1439 1447 1480 P'.

118 1497 301 1540 Decium
323 1512 364 1540 et
384 1503 440 1540 M.
459 1503 674 1542 Valerium
689 1533 699 1553 ‚
727 1503 785 1541 est
806 1502 995 1543 versum:
1026 1516 1127 1556 quos
1151 1502 1331 1556 populus
1350 1510 1451 1553 prov

119 1558 244 1598 ximis
264 1559 440 1598 comitiis
458 1559 626 1615 ingenti
647 1560 854 1601 consensu
872 1559 1089 1612 consulem
1110 1560 1325 1608 alterum'‚‘
1348 1548 1449 1595 alte'-

119 1619 217 1655 i‘um
243 1623 482 1670 praetorem
513 1617 751 1659 declaravit.
979 1621 981 1623 ’
1082 1627 1085 1630 ’

238 1675 338 1713 XLI.
375 1673 441 1713 *F
443 1675 536 1713 abio
556 1678 610 1715 ob
634 1676 795 1730 egregie
812 1674 1093 1729 perdomitam
1112 1673 1326 1717 Etruriam
1350 1684 1450 1712 con-

119 1732 310 1771 tinuatur
328 1731 590 1782 consulatus3
614 1733 772 1772 Decius
797 1735 955 1787 collega
978 1733 1112 1773 datur.
1127 1732 1321 1783 Valerius
1331 1732 1451 1784 prae-

122 1799 190 1828 tor
211 1799 402 1842 quartum
422 1801 598 1830 creatus.
648 1790 846 1831 Consules
867 1792 1010 1844 partiti
1029 1790 1283 1845 provincias.
1327 1789 1451 1827 Etru-

123 1847 188 1885 ria
198 1846 355 1891 Decio,
392 1846 610 1887 Samnium
633 1849 760 1887 Fabio
783 1849 938 1888 evenit.
999 1849 1037 1889 Is
1058 1846 1268 1902 prosectus
1289 1845 1344 1884 ad
1363 1844 1453 1884 Nu·

125 1904 284 1943 ceriam
304 1902 569 1943 Alfaternam
583 1935 594 1954 ,
641 1917 729 1945 tum
749 1919 897 1959 pacem
913 1915 1126 1960 petentes,
1173 1902 1285 1958 quod
1305 1903 1365 1942 uti
1388 1915 1453 1952 ea,

125 1975 223 2000 eum
253 1960 445 2010 daretur,
474 1961 729 2012 noluissent,
768 1962 1037 2016 aspernatus,
1076 1960 1367 2016 oppugnando
1398 1958 1454 1999 ad

126 2017 392 2058 deditionem
417 2019 589 2074 subegit.
647 2021 753 2060 Cum
783 2021 1041 2060 Samnitibus
1072 2021 1161 2061 acie
1192 2019 1452 2060 dimicatum.

126 2069 243 2119 haud
261 2090 416 2130 magno
435 2079 670 2118 certamine
692 2077 828 2117 hostes
857 2079 974 2119 victi:
1013 2091 1156 2131 neque
1178 2078 1263 2130 ejus
1286 2088 1456 2130 pugnae

126 2135 332 2177 memoria
350 2133 506 2174 tradita>
521 2134 652 2186 foret,
672 2136 721 2174 ni
740 2134 868 2175 Marsi
891 2150 940 2175 eo
961 2136 1151 2190 primum
1171 2135 1336 2188 proelio
1359 2146 1457 2172 cum
1496 2140 1498 2143 '

124 2188 334 2230 Romanis
354 2191 586 2233 bellassent.
644 2193 780 2233 Secuti
793 2193 1027 2235 Marsorum
1047 2191 1334 2232 defectionem
1353 2181 1459 2230 Peli-³

126 2248 224 2302 gni,
257 2247 438 2287 eandem
459 2248 674 2289 fortunam
694 2251 947 2290 habuerunt.
987 2250 1124 2291 Decio
1147 2262 1312 2303 quoque
1336 2247 1458 2288 alteri

129 2304 292 2348 consuli
313 2304 497 2346 secunda
517 2308 617 2347 belli
641 2307 812 2347 fortuna
833 2319 934 2347 erat.
947 2353 951 2354 ⁷
966 2305 1321 2361 Tarquiniensem
1342 2315 1458 2344 metu

128 2361 345 2417 subegerat
366 2361 628 2409 frumentum
652 2366 854 2407 exercitui
873 2368 1100 2420 praebere,
1121 2375 1244 2417 atque
1264 2362 1459 2403 inducias

128 2420 179 2461 i'n
199 2419 478 2476 quadraginta
499 2424 638 2465 annos
656 2433 815 2478 petere.
858 2422 1185 2464 Volsiniensium
1199 2419 1368 2461 castella
1387 2421 1460 2458 ali-

800 2481 821 2518 1
839 2481 854 2518 i
882 2482 912 2533 4
1361 2486 1463 2531 quot
