1527 2707
71 152 308 168 m

71 222 455 239 ——-—-——-÷-—————

70 240 182 291 haud
203 246 426 287 indecoros
447 256 582 285 motus
607 256 720 284 ‘more
741 244 876 284 Tusco
897 245 1068 286 dabam.
1101 249 1253 286 imitari
1278 251 1398 288 dein-

70 306 124 347 de
146 319 216 346 eos
245 305 465 359 juventus,
498 301 614 342 simul
637 300 870 341 inconditis
891 303 1005 342 inter
1026 298 1064 343 se
1086 305 1281 360 jocularia
1301 305 1397 345 fun-

46 354 48 357 *
70 363 220 409 dentes
239 360 435 408 versibus,
459 370 656 415 coepere3
677 373 759 398 nee
777 357 921 399 absoni
942 375 965 399 a
987 375 1083 400 voce
1106 370 1238 413 motus
1259 373 1396 403 erant.

70 415 256 475 Accepta
284 419 423 472 itaque
450 432 518 458 res
548 418 790 471 saepiusque
822 417 1064 471 usurpando
1088 421 1276 460 excitata».
1309 433 1398 461 ver·

70 471 233 518 naculis
255 476 502 522 artificibus,
534 475 627 529 quia
649 474 776 514 hister
792 474 926 514 Tusco
946 480 1073 515 verbo
1094 478 1207 516 ludio
1227 478 1398 519 vocaba-

70 545 161 582 tur,
195 548 358 574 nomen
381 533 652 573 histrionibus
679 532 883 572 inditum:
918 533 987 584 qui
1010 545 1124 584 non,
1159 535 1260 574 ficut
1283 547 1399 587 ante,

73 592 343 633 Fescennino
374 590 493 631 versu
523 589 694 629 similem
725 589 1040 644 incompositum
1070 604 1225 631 temere
1256 608 1303 633 ac
1333 608 1399 632 ru·

71 649 168 690 dem
191 650 366 689 alternis
392 648 623 702 jaciebant3
658 647 726 687 sed
749 648 939 702 inpletas
962 648 1095 688 modis
1118 645 1297 699 saturaS,
1329 652 1399 691 de-

70 707 225 761 scripto
243 708 324 762 jam
347 706 396 745 ad
419 706 633 745 tibicinem
655 716 795 754 cantu,
823 716 1016 759 motuque
1034 709 1285 761 congruenti
1304 720 1398 762 per·

72 767 265 818 agebant.
314 763 453 803 Livius
475 763 564 817 post
584 764 742 815 aliquot
762 777 913 812 annos,
942 764 1015 817 qui
1035 768 1085 803 ab
1107 765 1255 805 saturis
1278 765 1398 806 ausus

72 820 131 862 est
149 823 309 875 primus
328 830 574 875 argumento
593 820 777 860 fabulam
797 820 954 869 serere,
987 822 1128 870 (idem
1145 821 1324 873 scilicet,
1350 822 1398 863 id

72 879 182 933 quod
214 889 361 918 omnes
387 889 475 917 tum
497 889 642 928 erant,
676 877 842 917 suorum
863 879 1097 918 carminum
1129 882 1269 930 actor)
1298 879 1400 920 diei-

71 947 162 986 tur,
193 951 287 975 cum
313 935 474 991 saepius
498 947 712 974 revocatus
742 950 883 974 vocem
905 936 1150 987 obtudisset,
1184 939 1308 978 venia
1329 951 1399 993 pe-

73 993 150 1034 tita
182 1007 360 1049 puerum
394 992 443 1032 ad
480 993 723 1032 canendum
757 1003 856 1032 ante
880 994 1098 1033 tibicinem
1127 1007 1221 1033 eum
1245 995 1399 1035 statuis-

71 1048 152 1101 set,
189 1051 396 1090 canticum
419 1049 542 1104 egisse
563 1051 778 1102 aliquanto
799 1051 926 1103 magis
946 1052 1112 1104 vigente
1131 1062 1267 1102 motu,
1299 1055 1398 1106 quia

73 1109 183 1151 nihil
217 1109 329 1148 vocis
360 1107 455 1146 usus
485 1106 752 1161 impediebat.
810 1108 916 1147 inde
952 1108 1003 1147 ad
1034 1120 1205 1149 manum
1237 1112 1402 1151 cantari

73 1164 348 1208 histrionibus
371 1176 586 1219 coeptum,
620 1165 890 1218 diverbiaque
912 1174 1074 1205 tantum
1095 1166 1277 1221 ipsorum
1308 1170 1401 1209 voci

73 1222 231 1264 relicta.
293 1217 505 1275 Postquam
529 1223 618 1276 lege
641 1223 718 1261 hae
738 1221 971 1261 fabularum
1004 1225 1055 1263 ab
1079 1225 1163 1263 risu
1191 1240 1237 1265 ac
1264 1226 1398 1266 soluto

73 1281 165 1337 joco
185 1292 251 1320 res
273 1279 542 1328 avocabatur,
575 1290 617 1319 et
646 1279 767 1319 ludus
797 1280 844 1318 in
879 1291 1009 1320 artem
1040 1285 1236 1336 paulatim
1266 1294 1401 1324 verte-

74 1348 163 1388 rat3
193 1338 410 1392 juventus,
439 1336 712 1376 histrionibus
732 1336 976 1376 fabellarum
999 1351 1091 1378 actu
1112 1342 1278 1391 relicto,
1309 1340 1398 1396 ipsa

72 1394 189 1435 inter
215 1394 255 1435 se
276 1405 391 1434 more
412 1395 586 1448 antiquo
615 1394 790 1434 ridicula
819 1393 980 1435 intexta
1003 1396 1182 1438 versibus
1211 1400 1398 1453 jactitare

73 1452 231 1507 coepit:
260 1466 365 1506 quae
386 1450 491 1492 inde
519 1450 669 1492 exodia
695 1451 833 1506 postea
859 1455 1084 1507 appellata,
1123 1454 1398 1511 consertaque

74 1509 237 1551 fabellis
257 1507 510 1564 potissimum
528 1509 733 1549 Atellanis
756 1509 864 1549 sunt.
908 1511 1030 1561 Quod
1050 1525 1181 1566 genus
1202 1511 1396 1554 ludorum

75 1570 128 1607 ab
147 1566 260 1606 Oscis
285 1577 500 1621 acceptum
522 1568 659 1606 tenuit
686 1568 903 1620 juventus,
941 1581 1022 1609 nec
1045 1574 1095 1609 ab
1120 1570 1396 1612 histrionibus

74 1623 205 1680 pollui
227 1624 341 1679 passa
361 1624 432 1663 est.
470 1624 783 1674 Eorinstitutum
805 1637 967 1675 manet,
996 1635 1041 1665 ut
1062 1639 1220 1669 actores
1241 1627 1397 1669 Atella-

75 1693 230 1722 narum
252 1696 331 1721 nec
354 1683 465 1720 tribu
488 1693 756 1732 moveantur,
787 1693 827 1722 et
848 1681 1078 1737 stipendia,
1108 1696 1308 1741 tanquam
1331 1697 1399 1727 ex·-

78 1751 218 1795 pertes
238 1740 338 1779 artis
359 1739 566 1790 ludicrae,
596 1740 766 1779 faciant.
804 1738 923 1780 Inter
942 1743 1114 1782 aliarum
1134 1755 1259 1798 parva
1283 1745 1399 1800 prin-

78 1798 187 1851 cipia
206 1810 368 1845 rerum,
399 1795 593 1842 ludorum
615 1811 781 1850 quoque
802 1798 937 1851 prima
955 1801 1070 1853 origo
1090 1802 1293 1856 ponenda
1313 1799 1400 1843 visa

79 1852 162 1894 est:
200 1865 246 1893 ut
275 1865 517 1908 appareret,
555 1866 677 1908 quam
709 1856 759 1894 ab
781 1850 881 1894 sano
899 1856 1023 1896 initio
1044 1872 1107 1897 res
1128 1860 1176 1898 in
1195 1860 1308 1901 hanc
1326 1861 1398 1902 vix

19 1958 22 1960 ¹
80 1913 288 1965 opulentis
318 1910 459 1966 regnis
489 1913 746 1952 tolerabilem
776 1912 983 1952 insaniam
1013 1917 1192 1957 venerit.

194 2020 268 2063 111.
326 2024 418 2064 Nec
449 2035 591 2066 tamen
620 2023 815 2067 ludorum
844 2024 1026 2082 primum
1064 2027 1254 2080 initium,
1302 2042 1398 2087 pros

81 2082 280 2126 curandis
310 2083 582 2136 religionibus
607 2084 767 2133 datum,
794 2097 865 2124 aut
883 2087 1088 2140 religione
1109 2091 1294 2134 animos,
1329 2098 1398 2128 aut

81 2150 256 2195 corpora
281 2138 434 2179 morbis
460 2142 623 2181 levavit.
670 2144 774 2196 quin
802 2142 948 2193 etiam,
983 2158 1075 2185 cum
1106 2148 1262 2187 medios
1289 2146 1399 2186 forte

81 2198 201 2243 ludos
235 2194 369 2237 circus
398 2194 545 2237 Tiberi
579 2196 791 2254 superfuso
831 2201 1023 2255 irrigatus
1056 2204 1310 2258 impedisset,
1352 2203 1399 2243 id

81 2267 195 2303 vero,
211 2256 321 2294 velut
339 2253 485 2311 aversis
502 2255 581 2310 jam
596 2257 692 2297 Diis
712 2256 1142 2314 adspernantibusque
1160 2261 1399 2316 placamina

80 2316 191 2362 irae,
223 2322 425 2352 terrorem
453 2313 671 2366 ingentem
700 2315 809 2354 fecit.
855 2313 1049 2371 &ltaque
1082 2320 1159 2358 Cn.
1189 2319 1399 2367 Genucio,

81 2372 139 2424 D.
179 2367 362 2414 Aemilio
410 2370 669 2412 Mamercino
707 2372 936 2412 secundum
987 2374 1248 2425 consulibus,
1305 2389 1401 2413 cum

82 2429 345 2486 piaculorum
381 2427 511 2482 magis
544 2431 788 2486 conquilitio
825 2431 1013 2483 animos,
1071 2446 1195 2488 quam
1223 2445 1400 2486 corpora

1290 2503 1399 2529 moro
